@article{edwards_land-sharing_2014,
	title = {Land-sharing versus land-sparing logging: reconciling timber extraction with biodiversity conservation},
	volume = {20},
	issn = {13541013},
	shorttitle = {Land-sharing versus land-sparing logging},
	doi = {10.1111/gcb.12353},
	language = {en},
	number = {1},
	journal = {Global Change Biology},
	author = {Edwards, David P. and Gilroy, James J. and Woodcock, Paul and Edwards, Felicity A. and Larsen, Trond H. and Andrews, David J. R. and Derhé, Mia A. and Docherty, Teegan D. S. and Hsu, Wayne W. and Mitchell, Simon L. and Ota, Takahiro and Williams, Leah J. and Laurance, William F. and Hamer, Keith C. and Wilcove, David S.},
	month = jan,
	year = {2014},
	pages = {183--191},
}
@article{foster_establishing_2011,
	title = {Establishing the evidence base for maintaining biodiversity and ecosystem function in the oil palm landscapes of {South} {East} {Asia}},
	volume = {366},
	issn = {0962-8436, 1471-2970},
	doi = {10.1098/rstb.2011.0041},
	language = {en},
	number = {1582},
	journal = {Philosophical Transactions of the Royal Society B: Biological Sciences},
	author = {Foster, William A. and Snaddon, Jake L. and Turner, Edgar C. and Fayle, Tom M. and Cockerill, Timothy D. and Ellwood, M. D. Farnon and Broad, Gavin R. and Chung, Arthur Y. C. and Eggleton, Paul and Khen, Chey Vun and Yusah, Kalsum M.},
	month = nov,
	year = {2011},
	pmid = {22006968},
	keywords = {Elaeis spp., ecosystem service, habitat complexity, ecosystem function, Biodiversity, oil palm},
	pages = {3277--3291},
}
@article{edwards_does_2014,
	title = {Does logging and forest conversion to oil palm agriculture alter functional diversity in a biodiversity hotspot?},
	volume = {17},
	issn = {1469-1795},
	doi = {10.1111/acv.12074},
	language = {en},
	number = {2},
	journal = {Animal Conservation},
	author = {Edwards, F. A. and Edwards, D. P. and Larsen, T. H. and Hsu, W. W. and Benedick, S. and Chung, A. and Vun Khen, C. and Wilcove, D. S. and Hamer, K. C.},
	year = {2014},
	keywords = {habitat change, palm oil, ecosystem services, deforestation, tropical forest, Borneo},
	pages = {163--173},
}
@article{edwards_biodiversity_2013,
	title = {Biodiversity {Despite} {Selective} {Logging}},
	volume = {339},
	issn = {0036-8075, 1095-9203},
	doi = {10.1126/science.339.6120.646-b},
	language = {en},
	number = {6120},
	journal = {Science},
	author = {Edwards, David P. and Laurance, William F.},
	month = feb,
	year = {2013},
	pmid = {23393243},
	pages = {646--647},
}
@article{myers_biodiversity_2000,
	title = {Biodiversity hotspots for conservation priorities},
	volume = {403},
	journal = {Nature},
	author = {Myers, N. and Mittermeier, R. A. and Mittermeier, C. G. and Da Fonseca, G. A. B. and Kent, J.},
	year = {2000},
	pages = {853--858},
}
@article{walther_ecological_2002,
	title = {Ecological responses to recent climate change},
	volume = {416},
	number = {6879},
	journal = {Nature},
	author = {Walther, G. R. and Post, E. and Convey, P. and Menzel, A. and Parmesan, C. and Beebee, T. J. C. and Fromentin, J. M. and Hoegh-Guldberg, O. and Bairlein, F.},
	year = {2002},
	pages = {389--395},
}
@article{thomas_extinction_2004,
	title = {Extinction risk from climate change},
	volume = {427},
	issn = {0028-0836, 1476-4679},
	doi = {10.1038/nature02121},
	number = {6970},
	journal = {Nature},
	author = {Thomas, Chris D. and Cameron, Alison and Green, Rhys E. and Bakkenes, Michel and Beaumont, Linda J. and Collingham, Yvonne C. and Erasmus, Barend F. N. and de Siqueira, Marinez Ferreira and Grainger, Alan and Hannah, Lee and Hughes, Lesley and Huntley, Brian and van Jaarsveld, Albert S. and Midgley, Guy F. and Miles, Lera and Ortega-Huerta, Miguel A. and Townsend Peterson, A. and Phillips, Oliver L. and Williams, Stephen E.},
	month = jan,
	year = {2004},
	pages = {145--148},
}
@article{shoo_potential_2010,
	title = {Potential for mountaintop boulder fields to buffer species against extreme heat stress under climate change},
	volume = {54},
	issn = {0020-7128, 1432-1254},
	doi = {10.1007/s00484-009-0286-4},
	language = {en},
	number = {4},
	journal = {International Journal of Biometeorology},
	author = {Shoo, Luke P. and Storlie, Collin and Williams, Yvette M. and Williams, Stephen E.},
	month = jul,
	year = {2010},
	keywords = {Climate change, Plant Physiology, Animal Physiology, refugia, Environmental Health, Heat stress, Buffering, microhabitat},
	pages = {475--478},
}
@article{foley_solutions_2011,
	title = {Solutions for a cultivated planet},
	volume = {478},
	number = {7369},
	journal = {Nature},
	author = {Foley, J. A. and Ramankutty, N. and Brauman, K. A. and Cassidy, E. S. and Gerber, J. S. and Johnston, M. and Mueller, N. D. and O’Connell, C. and Ray, D. K. and West, P. C.},
	year = {2011},
	pages = {337--342},
}
@article{putz_reduced-impact_2008,
	series = {Moving beyond reduced impact-logging towards a more holistic management of tropical forests},
	title = {Reduced-impact logging: {Challenges} and opportunities},
	volume = {256},
	issn = {0378-1127},
	shorttitle = {Reduced-impact logging},
	doi = {10.1016/j.foreco.2008.03.036},
	number = {7},
	journal = {Forest Ecology and Management},
	author = {Putz, F. E. and Sist, P. and Fredericksen, T. and Dykstra, D.},
	month = sep,
	year = {2008},
	keywords = {Reduced-impact logging, Sustainable forest management, Sustained yield, timber harvesting, Tropical forest management},
	pages = {1427--1433},
}
@article{isaac_microclimate_2008,
	title = {Microclimate of daytime den sites in a tropical possum: implications for the conservation of tropical arboreal marsupials},
	volume = {11},
	issn = {13679430, 14691795},
	shorttitle = {Microclimate of daytime den sites in a tropical possum},
	doi = {10.1111/j.1469-1795.2008.00177.x},
	language = {en},
	number = {4},
	journal = {Animal Conservation},
	author = {Isaac, J. L. and De Gabriel, J. L. and Goodman, B. A.},
	month = aug,
	year = {2008},
	keywords = {Climate change, climate change, endemic mammal, Eucalypt, Rainforest, tree hollow, Wet Tropics Bioregion},
	pages = {281--287},
}
@article{hansen_high-resolution_2013,
	title = {High-resolution global maps of 21st-century forest cover change},
	volume = {342},
	issn = {0036-8075, 1095-9203},
	doi = {10.1126/science.1244693},
	language = {en},
	number = {6160},
	journal = {Science},
	author = {Hansen, M. C. and Potapov, P. V. and Moore, R. and Hancher, M. and Turubanova, S. A. and Tyukavina, A. and Thau, D. and Stehman, S. V. and Goetz, S. J. and Loveland, T. R. and Kommareddy, A. and Egorov, A. and Chini, L. and Justice, C. O. and Townshend, J. R. G.},
	month = nov,
	year = {2013},
	pages = {850--853},
}
@article{sala_global_2000,
	title = {Global biodiversity scenarios for the year 2100},
	volume = {287},
	issn = {0036-8075, 1095-9203},
	doi = {10.1126/science.287.5459.1770},
	language = {en},
	number = {5459},
	journal = {Science},
	author = {Sala, Osvaldo E. and Chapin, F. Stuart and Iii and Armesto, Juan J. and Berlow, Eric and Bloomfield, Janine and Dirzo, Rodolfo and Huber-Sanwald, Elisabeth and Huenneke, Laura F. and Jackson, Robert B. and Kinzig, Ann and Leemans, Rik and Lodge, David M. and Mooney, Harold A. and Oesterheld, Martı́n and Poff, N. LeRoy and Sykes, Martin T. and Walker, Brian H. and Walker, Marilyn and Wall, Diana H.},
	month = mar,
	year = {2000},
	pmid = {10710299},
	pages = {1770--1774},
}
@article{xu_scale-dependent_2004,
	title = {Scale-dependent relationships between landscape structure and microclimate},
	volume = {173},
	number = {1},
	journal = {Plant Ecology},
	author = {Xu, Ming and Qi, Ye and Chen, Jiquan and Song, Bo},
	year = {2004},
	pages = {39--57},
}
@article{scheffers_increasing_2013,
	title = {Increasing arboreality with altitude: a novel biogeographic dimension},
	volume = {280},
	issn = {0962-8452, 1471-2954},
	shorttitle = {Increasing arboreality with altitude},
	doi = {10.1098/rspb.2013.1581},
	language = {en},
	number = {1770},
	journal = {Proceedings of the Royal Society B: Biological Sciences},
	author = {Scheffers, B. R. and Phillips, B. L. and Laurance, W. F. and Sodhi, N. S. and Diesmos, A. and Williams, S. E.},
	month = sep,
	year = {2013},
	pages = {20131581--20131581},
}
@article{katovai_understory_2012,
	title = {Understory plant species and functional diversity in the degraded wet tropical forests of {Kolombangara} {Island}, {Solomon} {Islands}},
	volume = {145},
	issn = {0006-3207},
	doi = {10.1016/j.biocon.2011.11.008},
	number = {1},
	journal = {Biological Conservation},
	author = {Katovai, Eric and Burley, Alana L. and Mayfield, Margaret M.},
	month = jan,
	year = {2012},
	keywords = {Biodiversity conservation, Functional diversity, Human-dominated landscapes, Pacific islands, Solomon archipelago, Tropical plant diversity},
	pages = {214--224},
}
@article{kumar_effects_2005,
	title = {Effects of biomass extraction on vegetation structure, diversity and composition of forests in {Sariska} {Tiger} {Reserve}, {India}},
	volume = {32},
	issn = {0376-8929},
	doi = {10.1017/S0376892905002316},
	number = {3},
	journal = {Environmental Conservation},
	author = {Kumar, Raman and Shahabuddin, Ghazala},
	year = {2005},
	keywords = {disturbance, grazing, tropical dry forest, fuelwood collection, plant abundance, plant species richness},
	pages = {248--259},
}
@article{pimm_future_1995,
	title = {The {Future} of {Biodiversity}},
	volume = {269},
	issn = {0036-8075},
	doi = {10.2307/2888268},
	number = {5222},
	journal = {Science},
	author = {Pimm, Stuart L. and Russell, Gareth J. and Gittleman, John L. and Brooks, Thomas M.},
	month = jul,
	year = {1995},
	pages = {347--350},
}
@article{peck_animal_2009,
	title = {Animal temperature limits and ecological relevance: effects of size, activity and rates of change},
	volume = {23},
	issn = {1365-2435},
	shorttitle = {Animal temperature limits and ecological relevance},
	doi = {10.1111/j.1365-2435.2008.01537.x},
	language = {en},
	number = {2},
	journal = {Functional Ecology},
	author = {Peck, Lloyd S. and Clark, Melody S. and Morley, Simon A. and Massey, Alison and Rossetti, Helen},
	year = {2009},
	keywords = {Climate change, climate change, acclimation, adaptation, macrophysiology, model, resistance, species range},
	pages = {248--256},
}
@article{peck_organisms_2011,
	title = {Organisms and responses to environmental change},
	volume = {4},
	issn = {1874-7787},
	doi = {10.1016/j.margen.2011.07.001},
	number = {4},
	journal = {Marine Genomics},
	author = {Peck, Lloyd S.},
	month = dec,
	year = {2011},
	keywords = {Climate change, climate change, Ecosystem, Gene, Physiology, Rate of change, Scale},
	pages = {237--243},
}
@article{gibbs_tropical_2010,
	title = {Tropical forests were the primary sources of new agricultural land in the 1980s and 1990s},
	volume = {107},
	issn = {0027-8424, 1091-6490},
	doi = {10.1073/pnas.0910275107},
	language = {en},
	number = {38},
	journal = {Proceedings of the National Academy of Sciences},
	author = {Gibbs, H. K. and Ruesch, A. S. and Achard, F. and Clayton, M. K. and Holmgren, P. and Ramankutty, N. and Foley, J. A.},
	month = sep,
	year = {2010},
	pmid = {20807750},
	keywords = {expansion pathways, cropland, biofuels, carbon emissions, deforestation},
	pages = {16732--16737},
}
@article{gilroy_cheap_2014,
	title = {Cheap carbon and biodiversity co-benefits from forest regeneration in a hotspot of endemism},
	volume = {4},
	issn = {1758-678X},
	doi = {10.1038/nclimate2200},
	language = {en},
	number = {6},
	journal = {Nature Climate Change},
	author = {Gilroy, James J. and Woodcock, Paul and Edwards, Felicity A. and Wheeler, Charlotte and Baptiste, Brigitte L. G. and Medina Uribe, Claudia A. and Haugaasen, Torbjørn and Edwards, David P.},
	month = jun,
	year = {2014},
	pages = {503--507},
}
@article{edwards_maintaining_2014,
	title = {Maintaining ecosystem function and services in logged tropical forests},
	volume = {29},
	issn = {01695347},
	doi = {10.1016/j.tree.2014.07.003},
	language = {en},
	number = {9},
	journal = {Trends in Ecology \& Evolution},
	author = {Edwards, David P. and Tobias, Joseph A. and Sheil, Douglas and Meijaard, Erik and Laurance, William F.},
	month = sep,
	year = {2014},
	pages = {511--520},
}
@article{caillon_warming_2014,
	title = {Warming decreases thermal heterogeneity of leaf surfaces: implications for behavioural thermoregulation by arthropods},
	volume = {28},
	issn = {1365-2435},
	shorttitle = {Warming decreases thermal heterogeneity of leaf surfaces},
	doi = {10.1111/1365-2435.12288},
	language = {en},
	number = {6},
	journal = {Functional Ecology},
	author = {Caillon, Robin and Suppo, Christelle and Casas, Jérôme and Arthur Woods, H. and Pincebourde, Sylvain},
	month = dec,
	year = {2014},
	keywords = {Climate change, climate change, aggregation index, ectotherms, lethal temperature, Microclimate, microhabitat, spatial variance, Temperature, thermal stress, thermography},
	pages = {1449--1458},
}
@article{brook_synergies_2008,
	title = {Synergies among extinction drivers under global change},
	volume = {23},
	issn = {0169-5347},
	doi = {10.1016/j.tree.2008.03.011},
	number = {8},
	journal = {Trends in Ecology \& Evolution},
	author = {Brook, Barry W. and Sodhi, Navjot S. and Bradshaw, Corey J. A.},
	month = aug,
	year = {2008},
	pages = {453--460},
}
@article{beaumont_potential_2002,
	title = {Potential changes in the distributions of latitudinally restricted {Australian} butterfly species in response to climate change},
	volume = {8},
	issn = {1365-2486},
	doi = {10.1046/j.1365-2486.2002.00490.x},
	language = {en},
	number = {10},
	journal = {Global Change Biology},
	author = {Beaumont, Linda J. and Hughes, Lesley},
	year = {2002},
	keywords = {Climate change, range shifts, BIOCLIM, bioclimatic envelope, butterflies, Lepidoptera},
	pages = {954--971},
}
@article{godfray_food_2010,
	title = {Food {Security}: {The} {Challenge} of {Feeding} 9 {Billion} {People}},
	volume = {327},
	issn = {0036-8075, 1095-9203},
	shorttitle = {Food {Security}},
	doi = {10.1126/science.1185383},
	language = {en},
	number = {5967},
	journal = {Science},
	author = {Godfray, H. Charles J. and Beddington, John R. and Crute, Ian R. and Haddad, Lawrence and Lawrence, David and Muir, James F. and Pretty, Jules and Robinson, Sherman and Thomas, Sandy M. and Toulmin, Camilla},
	month = feb,
	year = {2010},
	pages = {812--818},
}
@article{potter_microclimatic_2013,
	title = {Microclimatic challenges in global change biology},
	volume = {19},
	issn = {1365-2486},
	doi = {10.1111/gcb.12257},
	language = {en},
	number = {10},
	journal = {Global Change Biology},
	author = {Potter, Kristen A. and Arthur Woods, H. and Pincebourde, Sylvain},
	month = oct,
	year = {2013},
	keywords = {Climate change, body size, species distribution models, MaxEnt, refugia, spatial resolution, downscaling, fractals, grid size, Temperature},
	pages = {2932--2939},
}
@article{sears_world_2011,
	title = {The world is not flat: defining relevant thermal landscapes in the context of climate change},
	volume = {51},
	issn = {1540-7063, 1557-7023},
	shorttitle = {The {World} {Is} not {Flat}},
	doi = {10.1093/icb/icr111},
	language = {en},
	number = {5},
	journal = {Integrative and Comparative Biology},
	author = {Sears, Michael W. and Raskin, Evan and Angilletta, Michael J.},
	month = nov,
	year = {2011},
	pmid = {21937668},
	pages = {666--675},
}
@article{thomas_protected_2012,
	title = {Protected areas facilitate species’ range expansions},
	volume = {109},
	issn = {0027-8424, 1091-6490},
	doi = {10.1073/pnas.1210251109},
	language = {en},
	number = {35},
	journal = {Proceedings of the National Academy of Sciences},
	author = {Thomas, Chris D. and Gillingham, Phillipa K. and Bradbury, Richard B. and Roy, David B. and Anderson, Barbara J. and Baxter, John M. and Bourn, Nigel A. D. and Crick, Humphrey Q. P. and Findon, Richard A. and Fox, Richard and Hodgson, Jenny A. and Holt, Alison R. and Morecroft, Mike D. and O’Hanlon, Nina J. and Oliver, Tom H. and Pearce-Higgins, James W. and Procter, Deborah A. and Thomas, Jeremy A. and Walker, Kevin J. and Walmsley, Clive A. and Wilson, Robert J. and Hill, Jane K.},
	month = aug,
	year = {2012},
	pmid = {22893689},
	keywords = {climate change adaptation, conservation, nature reserves},
	pages = {14063--14068},
}
@article{loarie_velocity_2009,
	title = {The velocity of climate change},
	volume = {462},
	issn = {0028-0836},
	doi = {10.1038/nature08649},
	language = {en},
	number = {7276},
	journal = {Nature},
	author = {Loarie, Scott R. and Duffy, Philip B. and Hamilton, Healy and Asner, Gregory P. and Field, Christopher B. and Ackerly, David D.},
	month = dec,
	year = {2009},
	pages = {1052--1055},
}
@article{pounds_biological_1999,
	title = {Biological response to climate change on a tropical mountain},
	volume = {398},
	issn = {0028-0836},
	doi = {10.1038/19297},
	language = {en},
	number = {6728},
	journal = {Nature},
	author = {Pounds, J. Alan and Fogden, Michael P. L. and Campbell, John H.},
	month = apr,
	year = {1999},
	pages = {611--615},
}
@article{chen_elevation_2009,
	title = {Elevation increases in moth assemblages over 42 years on a tropical mountain},
	volume = {106},
	issn = {0027-8424, 1091-6490},
	doi = {10.1073/pnas.0809320106},
	language = {en},
	number = {5},
	journal = {Proceedings of the National Academy of Sciences},
	author = {Chen, I.-Ching and Shiu, Hau-Jie and Benedick, Suzan and Holloway, Jeremy D. and Chey, Vun Khen and Barlow, Henry S. and Hill, Jane K. and Thomas, Chris D.},
	month = feb,
	year = {2009},
	pmid = {19164573},
	keywords = {Climate change, climate change, Biodiversity, Lepidoptera, tropical ecology},
	pages = {1479--1483},
}
@article{freeman_rapid_2014,
	title = {Rapid upslope shifts in {New} {Guinean} birds illustrate strong distributional responses of tropical montane species to global warming},
	volume = {111},
	issn = {0027-8424},
	doi = {10.1073/pnas.1318190111},
	number = {12},
	journal = {Proceedings of the National Academy of Sciences},
	author = {Freeman, Benjamin G. and Class Freeman, Alexandra M.},
	year = {2014},
	pages = {4490--4494},
}
@article{lucey_spillover_2012,
	title = {Spillover of {Insects} from {Rain} {Forest} into {Adjacent} {Oil} {Palm} {Plantations}},
	volume = {44},
	issn = {1744-7429},
	doi = {10.1111/j.1744-7429.2011.00824.x},
	language = {en},
	number = {3},
	journal = {Biotropica},
	author = {Lucey, Jennifer M. and Hill, Jane K.},
	month = may,
	year = {2012},
	keywords = {ants, Agriculture, Elaeis guineensis, Danum Valley, ecotone, Lepidoptera, Borneo, connectivity},
	pages = {368--377},
}
@article{colwell_global_2008,
	title = {Global warming, elevational range shifts, and lowland biotic attrition in the wet tropics},
	volume = {322},
	issn = {0036-8075, 1095-9203},
	doi = {10.1126/science.1162547},
	language = {en},
	number = {5899},
	journal = {Science},
	author = {Colwell, Robert K. and Brehm, Gunnar and Cardelús, Catherine L. and Gilman, Alex C. and Longino, John T.},
	month = oct,
	year = {2008},
	pmid = {18845754},
	pages = {258--261},
}
@article{hill_responses_2002,
	title = {Responses of butterflies to twentieth century climate warming: implications for future ranges},
	volume = {269},
	issn = {0962-8452, 1471-2954},
	shorttitle = {Responses of butterflies to twentieth century climate warming},
	doi = {10.1098/rspb.2002.2134},
	language = {en},
	number = {1505},
	journal = {Proceedings of the Royal Society B: Biological Sciences},
	author = {Hill, J. K. and Thomas, C. D. and Fox, R. and Telfer, M. G. and Willis, S. G. and Asher, J. and Huntley, B.},
	month = oct,
	year = {2002},
	pages = {2163--2171},
}
@article{hansen_humid_2008,
	title = {Humid tropical forest clearing from 2000 to 2005 quantified by using multitemporal and multiresolution remotely sensed data},
	volume = {105},
	issn = {0027-8424, 1091-6490},
	doi = {10.1073/pnas.0804042105},
	language = {en},
	number = {27},
	journal = {Proceedings of the National Academy of Sciences},
	author = {Hansen, Matthew C. and Stehman, Stephen V. and Potapov, Peter V. and Loveland, Thomas R. and Townshend, John R. G. and DeFries, Ruth S. and Pittman, Kyle W. and Arunarwati, Belinda and Stolle, Fred and Steininger, Marc K. and Carroll, Mark and DiMiceli, Charlene},
	month = jul,
	year = {2008},
	pmid = {18591652},
	keywords = {deforestation, change detection, humid tropics, monitoring, remote sensing},
	pages = {9439--9444},
}
@article{putz_sustaining_2012,
	title = {Sustaining conservation values in selectively logged tropical forests: the attained and the attainable},
	volume = {5},
	issn = {1755-263X},
	shorttitle = {Sustaining conservation values in selectively logged tropical forests},
	doi = {10.1111/j.1755-263X.2012.00242.x},
	language = {en},
	number = {4},
	journal = {Conservation Letters},
	author = {Putz, Francis E. and Zuidema, Pieter A. and Synnott, Timothy and Peña-Claros, Marielos and Pinard, Michelle A. and Sheil, Douglas and Vanclay, Jerome K. and Sist, Plinio and Gourlet-Fleury, Sylvie and Griscom, Bronson and Palmer, John and Zagt, Roderick},
	month = aug,
	year = {2012},
	keywords = {REDD, FLEGT, Tropical forestry, forest carbon, tropical silviculture, Sustainable forest management, Biodiversity conservation},
	pages = {296--303},
}
@article{gibson_primary_2011,
	title = {Primary forests are irreplaceable for sustaining tropical biodiversity},
	volume = {478},
	issn = {0028-0836},
	doi = {10.1038/nature10425},
	language = {en},
	number = {7369},
	journal = {Nature},
	author = {Gibson, Luke and Lee, Tien Ming and Koh, Lian Pin and Brook, Barry W. and Gardner, Toby A. and Barlow, Jos and Peres, Carlos A. and Bradshaw, Corey J. A. and Laurance, William F. and Lovejoy, Thomas E. and Sodhi, Navjot S.},
	month = oct,
	year = {2011},
	keywords = {Ecology},
	pages = {378--381},
}
@article{murphy_meta-analysis_2014,
	title = {A meta-analysis of declines in local species richness from human disturbances},
	volume = {4},
	issn = {2045-7758},
	doi = {10.1002/ece3.909},
	language = {en},
	number = {1},
	journal = {Ecology and Evolution},
	author = {Murphy, Grace E. P. and Romanuk, Tamara N.},
	month = jan,
	year = {2014},
	keywords = {species richness, Biodiversity loss, disturbance, extinction, habitat loss, species invasions},
	pages = {91--103},
}
@misc{iucn_iucn_2014,
	title = {The {IUCN} {Red} {List} of {Threatened} {Species}. {Version} 2014.3. [{Online}]},
	author = {IUCN},
	year = {2014}
}
@article{foley_global_2005,
	title = {Global consequences of land use},
	volume = {309},
	issn = {0036-8075, 1095-9203},
	doi = {10.1126/science.1111772},
	language = {en},
	number = {5734},
	journal = {Science},
	author = {Foley, Jonathan A. and DeFries, Ruth and Asner, Gregory P. and Barford, Carol and Bonan, Gordon and Carpenter, Stephen R. and Chapin, F. Stuart and Coe, Michael T. and Daily, Gretchen C. and Gibbs, Holly K. and Helkowski, Joseph H. and Holloway, Tracey and Howard, Erica A. and Kucharik, Christopher J. and Monfreda, Chad and Patz, Jonathan A. and Prentice, I. Colin and Ramankutty, Navin and Snyder, Peter K.},
	month = jul,
	year = {2005},
	pmid = {16040698},
	pages = {570--574},
},
}
@article{okuda_effect_2003,
	title = {Effect of selective logging on canopy and stand structure and tree species composition in a lowland dipterocarp forest in peninsular {Malaysia}},
	volume = {175},
	issn = {0378-1127},
	doi = {10.1016/S0378-1127(02)00137-8},
	number = {1–3},
	journal = {Forest Ecology and Management},
	author = {Okuda, Toshinori and Suzuki, Mariko and Adachi, Naoki and Quah, Eng Seng and Hussein, Nor Azman and Manokaran, N},
	month = mar,
	year = {2003},
	keywords = {Aerial triangulation, Ecologically sustainable forest management, Malaysian Uniform System, Regenerating forest, tropical rain forest},
	pages = {297--320},
}
@article{schnitzer_recruitment_2004,
	series = {Community {Ecology} and {Management} of {Lianas}},
	title = {Recruitment of lianas into logging gaps and the effects of pre-harvest climber cutting in a lowland forest in {Cameroon}},
	volume = {190},
	issn = {0378-1127},
	doi = {10.1016/j.foreco.2003.10.008},
	number = {1},
	journal = {Forest Ecology and Management},
	author = {Schnitzer, Stefan A and Parren, Marc P. E and Bongers, Frans},
	month = mar,
	year = {2004},
	keywords = {Cameroon, Climber cutting, Climbing plants, Forest management, Lianas, trees, tropical forest},
	pages = {87--98},
}
@article{saner_reduced_2009,
	title = {Reduced soil respiration in gaps in logged lowland dipterocarp forests},
	volume = {258},
	issn = {0378-1127},
	doi = {10.1016/j.foreco.2009.07.048},
	number = {9},
	journal = {Forest Ecology and Management},
	author = {Saner, Philippe and Lim, Robin and Burla, Bo and Ong, Robert C. and Scherer-Lorenzen, Michael and Hector, Andy},
	month = oct,
	year = {2009},
	keywords = {Borneo, Carbon cycle, Gap dynamics, Logged forest, Soil ecology, tropics},
	pages = {2007--2012},
}
@article{parmesan_poleward_1999,
	title = {Poleward shifts in geographical ranges of butterfly species associated with regional warming},
	volume = {399},
	issn = {0028-0836},
	doi = {10.1038/21181},
	language = {en},
	number = {6736},
	journal = {Nature},
	author = {Parmesan, Camille and Ryrholm, Nils and Stefanescu, Constantí and Hill, Jane K. and Thomas, Chris D. and Descimon, Henri and Huntley, Brian and Kaila, Lauri and Kullberg, Jaakko and Tammaru, Toomas and Tennent, W. John and Thomas, Jeremy A. and Warren, Martin},
	month = jun,
	year = {1999},
	pages = {579--583},
}
@article{thomas_birds_1999,
	title = {Birds extend their ranges northwards},
	volume = {399},
	issn = {0028-0836},
	doi = {10.1038/20335},
	language = {en},
	number = {6733},
	journal = {Nature},
	author = {Thomas, Chris D. and Lennon, Jack J.},
	month = may,
	year = {1999},
	pages = {213--213},
}
@article{hersteinsson_interspecific_1992,
	title = {Interspecific {Competition} and the {Geographical} {Distribution} of {Red} and {Arctic} {Foxes} {Vulpes} {Vulpes} and {Alopex} lagopus},
	volume = {64},
	issn = {0030-1299},
	doi = {10.2307/3545168},
	number = {3},
	journal = {Oikos},
	author = {Hersteinsson, Pall and MacDonald, David W.},
	month = sep,
	year = {1992},
	pages = {505--515},
}
@article{reynolds_changes_2011,
	title = {Changes in forest land use and management in {Sabah}, {Malaysian} {Borneo}, 1990–2010, with a focus on the {Danum} {Valley} region},
	volume = {366},
	issn = {0962-8436, 1471-2970},
	doi = {10.1098/rstb.2011.0154},
	language = {en},
	number = {1582},
	journal = {Philosophical Transactions of the Royal Society B: Biological Sciences},
	author = {Reynolds, Glen and Payne, Junaidi and Sinun, Waidi and Mosigil, Gregory and Walsh, Rory P. D.},
	month = nov,
	year = {2011},
	pmid = {22006960},
	keywords = {forest rehabilitation, Sabah, selective logging, Rainforest, Forest management, land-use change},
	pages = {3168--3176},
}
@article{oconnor_toward_2012,
	title = {Toward a conceptual synthesis for climate change responses},
	volume = {21},
	issn = {1466-8238},
	doi = {10.1111/j.1466-8238.2011.00713.x},
	language = {en},
	number = {7},
	journal = {Global Ecology and Biogeography},
	author = {O'Connor, Mary I. and Selig, Elizabeth R. and Pinsky, Malin L. and Altermatt, Florian},
	month = jul,
	year = {2012},
	keywords = {Climate change, climate change, adaptation, extinction, Dispersal, evolution, population, population growth, selection},
	pages = {693--703},
}
@article{deutsch_impacts_2008,
	title = {Impacts of climate warming on terrestrial ectotherms across latitude},
	volume = {105},
	issn = {0027-8424, 1091-6490},
	doi = {10.1073/pnas.0709472105},
	language = {en},
	number = {18},
	journal = {Proceedings of the National Academy of Sciences},
	author = {Deutsch, Curtis A. and Tewksbury, Joshua J. and Huey, Raymond B. and Sheldon, Kimberly S. and Ghalambor, Cameron K. and Haak, David C. and Martin, Paul R.},
	month = may,
	year = {2008},
	pmid = {18458348},
	keywords = {Global warming, fitness, tropical, Biodiversity, Physiology},
	pages = {6668--6672},
}
@article{bradshaw_evolutionary_2006,
	title = {Evolutionary {Response} to {Rapid} {Climate} {Change}},
	volume = {312},
	issn = {0036-8075, 1095-9203},
	doi = {10.1126/science.1127000},
	language = {en},
	number = {5779},
	journal = {Science},
	author = {Bradshaw, William E. and Holzapfel, Christina M.},
	month = jun,
	year = {2006},
	pmid = {16763134},
	pages = {1477--1478},
}
@article{parmesan_ecological_2006,
	title = {Ecological and {Evolutionary} {Responses} to {Recent} {Climate} {Change}},
	volume = {37},
	doi = {10.1146/annurev.ecolsys.37.091305.110100},
	number = {1},
	journal = {Annual Review of Ecology, Evolution, and Systematics},
	author = {Parmesan, Camille},
	year = {2006},
	pages = {637--669},
}
@article{suggitt_habitat_2011,
	title = {Habitat microclimates drive fine-scale variation in extreme temperatures},
	volume = {120},
	issn = {00301299},
	doi = {10.1111/j.1600-0706.2010.18270.x},
	number = {1},
	journal = {Oikos},
	author = {Suggitt, Andrew J. and Gillingham, Phillipa K. and Hill, Jane K. and Huntley, Brian and Kunin, William E. and Roy, David B. and Thomas, Chris D.},
	month = jan,
	year = {2011},
	pages = {1--8},
}
@article{ramdani_local_2014,
	title = {Local surface temperature change due to expansion of oil palm plantation in {Indonesia}},
	volume = {123},
	issn = {0165-0009, 1573-1480},
	doi = {10.1007/s10584-013-1045-4},
	language = {en},
	number = {2},
	journal = {Climatic Change},
	author = {Ramdani, Fatwa and Moffiet, Trevor and Hino, Masateru},
	month = mar,
	year = {2014},
	keywords = {Atmospheric Sciences, Climate Change/Climate Change Impacts},
	pages = {189--200},
}
@article{luskin_microclimate_2011,
	title = {Microclimate and habitat heterogeneity through the oil palm lifecycle},
	volume = {12},
	issn = {1439-1791},
	doi = {10.1016/j.baae.2011.06.004},
	number = {6},
	journal = {Basic and Applied Ecology},
	author = {Luskin, Matthew Scott and Potts, Matthew D.},
	month = sep,
	year = {2011},
	keywords = {agroforestry, Malaysia, Landscape Ecology, Southeast Asia, Agricultural matrix, Plantation crop, Vegetation structure, Biodiversity, tropical rain forest},
	pages = {540--551},
}
@article{nussey_selection_2005,
	title = {Selection on {Heritable} {Phenotypic} {Plasticity} in a {Wild} {Bird} {Population}},
	volume = {310},
	issn = {0036-8075, 1095-9203},
	doi = {10.1126/science.1117004},
	language = {en},
	number = {5746},
	journal = {Science},
	author = {Nussey, Daniel H. and Postma, Erik and Gienapp, Phillip and Visser, Marcel E.},
	month = oct,
	year = {2005},
	pmid = {16224020},
	pages = {304--306},
}
@article{mason_predicting_2014,
	title = {Predicting potential responses to future climate in an alpine ungulate: interspecific interactions exceed climate effects},
	volume = {20},
	issn = {13541013},
	shorttitle = {Predicting potential responses to future climate in an alpine ungulate},
	doi = {10.1111/gcb.12641},
	language = {en},
	number = {12},
	journal = {Global Change Biology},
	author = {Mason, Tom H.E. and Stephens, Philip A. and Apollonio, Marco and Willis, Stephen G.},
	month = dec,
	year = {2014},
	keywords = {Climate change, climate change, Temperature, activity budget, altitudinal migration, behaviour, behavioural thermoregulation, chamois, interspecific interactions, range-shift, ungulate},
	pages = {3872--3882},
}
@article{scriven_protected_2015,
	title = {Protected areas in {Borneo} may fail to conserve tropical forest biodiversity under climate change},
	volume = {184},
	issn = {0006-3207},
	doi = {10.1016/j.biocon.2015.02.018},
	journal = {Biological Conservation},
	author = {Scriven, Sarah A. and Hodgson, Jenny A. and McClean, Colin J. and Hill, Jane K.},
	month = apr,
	year = {2015},
	keywords = {oil palm, tropical deforestation, Borneo, connectivity, forest fragmentation, Incidence function model},
	pages = {414--423},
}
@article{mantyka-pringle_interactions_2012,
	title = {Interactions between climate and habitat loss effects on biodiversity: a systematic review and meta-analysis},
	volume = {18},
	issn = {1365-2486},
	shorttitle = {Interactions between climate and habitat loss effects on biodiversity},
	doi = {10.1111/j.1365-2486.2011.02593.x},
	language = {en},
	number = {4},
	journal = {Global Change Biology},
	author = {Mantyka-pringle, Chrystal S. and Martin, Tara G. and Rhodes, Jonathan R.},
	month = apr,
	year = {2012},
	keywords = {Climate change, climate change, habitat loss, habitat fragmentation, interactions, meta-analysis, mixed-effects logistic regression},
	pages = {1239--1252},
}
@article{khaliq_global_2014,
	title = {Global variation in thermal tolerances and vulnerability of endotherms to climate change},
	volume = {281},
	issn = {0962-8452, 1471-2954},
	doi = {10.1098/rspb.2014.1097},
	language = {en},
	number = {1789},
	journal = {Proceedings of the Royal Society of London B: Biological Sciences},
	author = {Khaliq, Imran and Hof, Christian and Prinzinger, Roland and Böhning-Gaese, Katrin and Pfenninger, Markus},
	month = aug,
	year = {2014},
	pmid = {25009066},
	pages = {20141097},
}
@article{holl_factors_1999,
	title = {Factors limiting tropical rain forest regeneration in abandoned pasture: seed rain, seed germination, microclimate, and soil},
	volume = {31},
	issn = {0006-3606},
	shorttitle = {Factors {Limiting} {Tropical} {Rain} {Forest} {Regeneration} in {Abandoned} {Pasture}},
	number = {2},
	journal = {Biotropica},
	author = {Holl, Karen D.},
	month = jun,
	year = {1999},
	pages = {229--242},
}
@article{parsons_volume_2009,
	title = {Volume measurements for quicker determination of forest litter standing crop},
	volume = {25},
	issn = {1469-7831},
	doi = {10.1017/S0266467409990241},
	number = {06},
	journal = {Journal of Tropical Ecology},
	author = {Parsons, Scott A. and Shoo, Luke P. and Williams, Stephen E.},
	month = nov,
	year = {2009},
	pages = {665--669},
}
@article{hamer_ecology_2003,
	title = {Ecology of butterflies in natural and selectively logged forests of northern {Borneo}: the importance of habitat heterogeneity},
	volume = {40},
	issn = {1365-2664},
	shorttitle = {Ecology of butterflies in natural and selectively logged forests of northern {Borneo}},
	doi = {10.1046/j.1365-2664.2003.00783.x},
	language = {en},
	number = {1},
	journal = {Journal of Applied Ecology},
	author = {Hamer, K. C. and Hill, J. K. and Benedick, S. and Mustaffa, N. and Sherratt, T. N. and Maryati, M. and K., Chey V.},
	month = feb,
	year = {2003},
	keywords = {Sabah, Nymphalidae, Biodiversity, selective logging, Rainforest, Lepidoptera},
	pages = {150--162},
}
@article{adachi_differences_2006,
	title = {Differences in soil respiration between different tropical ecosystems},
	volume = {34},
	issn = {0929-1393},
	doi = {10.1016/j.apsoil.2006.01.006},
	number = {2–3},
	journal = {Applied Soil Ecology},
	author = {Adachi, Minako and Bekku, Yukiko Sakata and Rashidah, Wan and Okuda, Toshinori and Koizumi, Hiroshi},
	month = dec,
	year = {2006},
	keywords = {Oil palm plantation, Soil C content, Root biomass, Microbial biomass, secondary forest, land-use change},
	pages = {258--265},
}
@article{badejo_seasonal_1990,
	title = {Seasonal abundance of soil mites (\textit{{A}carina}) in two contrasting environments},
	volume = {22},
	rights = {Copyright © 1990 The Association for Tropical Biology and Conservation},
	issn = {0006-3606},
	doi = {10.2307/2388555},
	pages = {382--390},
	number = {4},
	journal = {Biotropica},
	author = {Badejo, M. A.},
	date = {1990-12-01},
	year = {1990}
}
@article{cai_increasing_2014,
	title = {Increasing frequency of extreme {El} {Nino} events due to greenhouse warming},
	volume = {4},
	issn = {1758-678X},
	doi = {10.1038/nclimate2100},
	language = {en},
	number = {2},
	journal = {Nature Climate Change},
	author = {Cai, Wenju and Borlace, Simon and Lengaigne, Matthieu and van Rensch, Peter and Collins, Mat and Vecchi, Gabriel and Timmermann, Axel and Santoso, Agus and McPhaden, Michael J. and Wu, Lixin and England, Matthew H. and Wang, Guojian and Guilyardi, Eric and Jin, Fei-Fei},
	month = feb,
	year = {2014},
	keywords = {Projection and prediction},
	pages = {111--116},
}
@article{campos_response_2006,
	title = {Response of soil surface {CO}${_2}$-{C} flux to land use changes in a tropical cloud forest ({M}exico)}, 
	volume = {234},
	issn = {0378-1127},
	doi = {10.1016/j.foreco.2006.07.012},
	number = {1–3},
	journal = {Forest Ecology and Management},
	author = {Campos, C.A.},
	month = oct,
	year = {2006},
	keywords = {Grassland, cropland, soil temperature, Soil surface CO2 flux, Tropical cloud forest, Soil moisture},
	pages = {305--312},
}
@article{he_aggregation_2000,
	title = {An aggregation index ({AI}) to quantify spatial patterns of landscapes},
	volume = {15},
	issn = {0921-2973, 1572-9761},
	doi = {10.1023/A:1008102521322},
	language = {en},
	number = {7},
	journal = {Landscape Ecology},
	author = {He, Hong S. and DeZonia, Barry E. and Mladenoff, David J.},
	month = oct,
	year = {2000},
	keywords = {Forestry, Forestry Management, Plant Ecology, Landscape Ecology, Plant Sciences, adjacency probability, spatial pattern, AI, contagion index, landscape indices, map resolution, measurement resolution, shape index, aggregation index, Ecology},
	pages = {591--601},
}
@article{gonzalez-di_pierro_effects_2011,
	title = {Effects of the physical environment and primate gut passage on the early establishment of \textit{{A}mpelocera hottlei} {S}tandley in rain forest fragments},
	volume = {43},
	issn = {1744-7429},
	doi = {10.1111/j.1744-7429.2010.00734.x},
	language = {en},
	number = {4},
	journal = {Biotropica},
	author = {González-Di Pierro, Ana M. and Benítez-Malvido, Julieta and Méndez-Toribio, Moisés and Zermeño, Isela and Arroyo-Rodríguez, Víctor and Stoner, Kathryn E. and Estrada, Alejandro},
	month = jul,
	year = {2011},
	keywords = {Regeneration, Fragmentation, Alouatta pigra, micro-environmental conditions, Dispersal},
	pages = {459--466},
}
@article{goode_seed_2009,
	title = {Seed germination conditions and implications for establishment of an epiphyte, \textit{{A}echmea bracteata} ({B}romeliaceae)},
	volume = {204},
	issn = {1385-0237, 1573-5052},
	doi = {10.1007/s11258-009-9582-7},
	language = {en},
	number = {2},
	journal = {Plant Ecology},
	author = {Goode, Laurel K. and Allen, Michael F.},
	month = oct,
	year = {2009},
	keywords = {environmental conditions, Restoration, Plant Sciences, Mexico, Aechmea bracteata, Epiphyte, Germination},
	pages = {179--188},
}
@article{ibanez_sharp_2013,
	title = {Sharp transitions in microclimatic conditions between savanna and forest in {New} {Caledonia}: {Insights} into the vulnerability of forest edges to fire},
	volume = {38},
	issn = {1442-9993},
	shorttitle = {Sharp transitions in microclimatic conditions between savanna and forest in {New} {Caledonia}},
	doi = {10.1111/aec.12015},
	language = {en},
	number = {6},
	journal = {Austral Ecology},
	author = {Ibanez, Thomas and Hély, Christelle and Gaucherel, Cédric},
	month = sep,
	year = {2013},
	keywords = {ecotone, boundary, edge effect, forest understorey, vapour pressure deficit},
	pages = {680--687},
}
@article{king_ants_1998,
	title = {Ants as bioindicators of habitat disturbance: validation of the functional group model for {Australia}'s humid tropics},
	volume = {7},
	issn = {0960-3115, 1572-9710},
	shorttitle = {Ants as bioindicators of habitat disturbance},
	doi = {10.1023/A:1008857214743},
	language = {en},
	number = {12},
	journal = {Biodiversity \& Conservation},
	author = {King, Joshua R. and Andersen, Alan N. and Cutter, Asher D.},
	month = dec,
	year = {1998},
	keywords = {evolutionary biology, Tree Biology, Functional groups, tropical rainforest, Plant Sciences, Ant communities, bioindicators, disturbance},
	pages = {1627--1638},
}
@article{klein_predatorprey_2002,
	title = {Predator–prey ratios on cocoa along a land-use gradient in {Indonesia}},
	volume = {11},
	issn = {0960-3115, 1572-9710},
	doi = {10.1023/A:1015548426672},
	language = {en},
	number = {4},
	journal = {Biodiversity \& Conservation},
	author = {Klein, Alexandra-Maria and Steffan-Dewenter, Ingolf and Tscharntke, Teja},
	month = apr,
	year = {2002},
	keywords = {evolutionary biology, agroforestry, Tree Biology, Sulawesi, Plant Sciences, Theobroma cacao, arthropods, biological control, conservation},
	pages = {683--693},
}
@article{lebrija-trejos_environmental_2011,
	title = {Environmental changes during secondary succession in a tropical dry forest in {Mexico}},
	volume = {27},
	issn = {1469-7831},
	doi = {10.1017/S0266467411000253},
	number = {05},
	journal = {Journal of Tropical Ecology},
	author = {Lebrija-Trejos, Edwin and Pérez-García, Eduardo A. and Meave, Jorge A. and Poorter, Lourens and Bongers, Frans},
	month = sep,
	year = {2011},
	pages = {477--489},
}
@article{liu_exotic_2002,
	title = {Exotic earthworms accelerate plant litter decomposition in a {Puerto} {Rican} pasture and a wet forest},
	volume = {12},
	issn = {1051-0761},
	doi = {10.1890/1051-0761(2002)012[1406:EEAPLD]2.0.CO;2},
	number = {5},
	journal = {Ecological Applications},
	author = {Liu, Z. G. and Zou, X. M.},
	month = oct,
	year = {2002},
	keywords = {Microbial biomass, soil respiration, decomposition, Puerto Rico, Amynthas rodericensis, Caribbean National Forest, earthworm, Pontoscolex corethrurus, tropical forest},
	pages = {1406--1417},
}
@article{negrete-yankelevich_successional_2007,
	title = {Successional changes in soil, litter and macroinvertebrate parameters following selective logging in a {Mexican} {Cloud} {Forest}},
	volume = {35},
	issn = {0929-1393},
	doi = {10.1016/j.apsoil.2006.07.006},
	number = {2},
	journal = {Applied Soil Ecology},
	author = {Negrete-Yankelevich, Simoneta and Fragoso, Carlos and Newton, Adrian C. and Heal, O. William},
	month = feb,
	year = {2007},
	keywords = {soil temperature, Litter quality, Tropical montane forest, earthworms, Firewood extraction, Soil macrofauna},
	pages = {340--355},
}
@article{lemmon_spherical_1956,
	title = {A spherical densiometer for estimating forest overstory density},
	volume = {2},
	number = {4},
	journal = {Forest Science},
	author = {Lemmon, Paul E.},
	year = {1956},
	pages = {314--320},
}
@article{blakely_tree_2008,
	title = {Tree holes in a mixed broad-leaf–podocarp rain forest, {New} {Zealand}},
	volume = {32},
	number = {2},
	journal = {New Zealand Journal of Ecology},
	author = {Blakely, Tanya J. and Didham, Raphael K.},
	year = {2008},
	pages = {197--208},
}
@article{santos_insect_2012,
	title = {Insect herbivory and leaf disease in natural and human disturbed habitats: lessons from early-successional \textit{{H}eliconia} herbs},
	volume = {44},
	issn = {1744-7429},
	shorttitle = {Insect {Herbivory} and {Leaf} {Disease} in {Natural} and {Human} {Disturbed} {Habitats}},
	doi = {10.1111/j.1744-7429.2011.00765.x},
	language = {en},
	number = {1},
	journal = {Biotropica},
	author = {Santos, Bráulio A. and Benítez-Malvido, Julieta},
	month = jan,
	year = {2012},
	keywords = {rain forest, biotic interaction, pathogens, riparian corridor, road effect, forest disturbance},
	pages = {53--62},
}
@article{waddell_sampling_2002,
	title = {Sampling coarse woody debris for multiple attributes in extensive resource inventories},
	volume = {1},
	issn = {1470-160X},
	doi = {10.1016/S1470-160X(01)00012-7},
	number = {3},
	journal = {Ecological Indicators},
	author = {Waddell, Karen L},
	month = mar,
	year = {2002},
	keywords = {Coarse woody debris, Down wood, Dead wood, Logging residue, Line-intersect sampling, Line transects, Resource inventory, Criteria and indicators},
	pages = {139--153},
}
@article{hardwick_relationship_2015,
	title = {The relationship between leaf area index and microclimate in tropical forest and oil palm plantation: {Forest} disturbance drives changes in microclimate},
	volume = {201},
	issn = {0168-1923},
	shorttitle = {The relationship between leaf area index and microclimate in tropical forest and oil palm plantation},
	doi = {10.1016/j.agrformet.2014.11.010},
	journal = {Agricultural and Forest Meteorology},
	author = {Hardwick, Stephen R. and Toumi, Ralf and Pfeifer, Marion and Turner, Edgar C. and Nilus, Reuben and Ewers, Robert M.},
	month = feb,
	year = {2015},
	keywords = {land use change, Leaf area index, oil palm, Microclimate, disturbance, tropical forest},
	pages = {187--195},
}
@article{wangluk_role_2013,
	title = {Role of soil temperature and moisture on soil respiration in a teak plantation and mixed deciduous forest in {Thailand}},
	volume = {25},
	journal = {Journal of Tropical Forest Science},
	author = {Wangluk, S. and Boonyawat, S. and Diloksumpun, S. and Tongdeenok, P.},
	year = {2013},
	pages = {339--349},
}
@article{werner_n2o_2006,
	title = {{N}${_2}${O}, {CH}${_4}$ and {CO}${_2}$ emissions from seasonal tropical rainforests and a rubber plantation in {S}outhwest {C}hina}, 
	volume = {289},
	issn = {0032-079X, 1573-5036},
	doi = {10.1007/s11104-006-9143-y},
	language = {en},
	number = {1-2},
	journal = {Plant and Soil},
	author = {Werner, Christian and Zheng, Xunhua and Tang, Janwei and Xie, Baohua and Liu, Chunyan and Kiese, Ralf and Butterbach-Bahl, Klaus},
	month = nov,
	year = {2006},
	keywords = {Plant Physiology, Soil Science \& Conservation, SE Asia, tropical rainforest, Plant Sciences, soil temperature, methane, Carbon dioxide, Soil moisture, greenhouse gases, Nitrous oxide, Rubber plantation, Ecology},
	pages = {335--353},
}
@article{wood_no_2008,
	title = {No short-term change in soil properties following four-fold litter addition in a {Costa} {Rican} rain forest},
	volume = {307},
	issn = {0032-079X, 1573-5036},
	doi = {10.1007/s11104-008-9588-2},
	language = {en},
	number = {1-2},
	journal = {Plant and Soil},
	author = {Wood, Tana E. and Lawrence, Deborah},
	month = jun,
	year = {2008},
	keywords = {Plant Physiology, Soil Science \& Conservation, Plant Sciences, seasonality, Soil moisture, La Selva, Phosphorus, Bray-1 P, Litter manipulation, pH, Temperature, Ecology},
	pages = {113--122},
}
@article{yashiro_effects_2008,
	title = {The effects of logging on soil greenhouse gas ({CO}${_2}$, {CH}${_4}$, {N}${_2}${O}) flux in a tropical rain forest, {P}eninsular {M}alaysia},
	volume = {148},
	issn = {0168-1923},
	doi = {10.1016/j.agrformet.2008.01.010},
	number = {5},
	journal = {Agricultural and Forest Meteorology},
	author = {Yashiro, Yuichiro and Kadir, Wan Rashidah and Okuda, Toshinori and Koizumi, Hiroshi},
	month = may,
	year = {2008},
	keywords = {Logging, methane, Carbon dioxide, greenhouse gases, Nitrous oxide, tropical rain forest},
	pages = {799--806},
}
@article{newbold_global_2015,
	title = {Global effects of land use on local terrestrial biodiversity},
	volume = {520},
	issn = {0028-0836},
	doi = {10.1038/nature14324},
	language = {en},
	number = {7545},
	journal = {Nature},
	author = {Newbold, Tim and Hudson, Lawrence N. and Hill, Samantha L. L. and Contu, Sara and Lysenko, Igor and Senior, Rebecca A. and Börger, Luca and Bennett, Dominic J. and Choimes, Argyrios and Collen, Ben and Day, Julie and De Palma, Adriana and Díaz, Sandra and Echeverria-Londoño, Susy and Edgar, Melanie J. and Feldman, Anat and Garon, Morgan and Harrison, Michelle L. K. and Alhusseini, Tamera and Ingram, Daniel J. and Itescu, Yuval and Kattge, Jens and Kemp, Victoria and Kirkpatrick, Lucinda and Kleyer, Michael and Correia, David Laginha Pinto and Martin, Callum D. and Meiri, Shai and Novosolov, Maria and Pan, Yuan and Phillips, Helen R. P. and Purves, Drew W. and Robinson, Alexandra and Simpson, Jake and Tuck, Sean L. and Weiher, Evan and White, Hannah J. and Ewers, Robert M. and Mace, Georgina M. and Scharlemann, Jörn P. W. and Purvis, Andy},
	month = apr,
	year = {2015},
	keywords = {community ecology, Conservation biology, Biodiversity},
	pages = {45--50},
}
@article{kearney_potential_2009,
	title = {The {Potential} for {Behavioral} {Thermoregulation} to {Buffer} "{Cold}-{Blooded}" {Animals} against {Climate} {Warming}},
	volume = {106},
	issn = {0027-8424},
	number = {10},
	journal = {Proceedings of the National Academy of Sciences of the United States of America},
	author = {Kearney, Michael and Shine, Richard and Porter, Warren P. and Wake, David B.},
	month = mar,
	year = {2009},
	pages = {3835--3840},
}
@article{sunday_thermal-safety_2014,
	title = {Thermal-safety margins and the necessity of thermoregulatory behavior across latitude and elevation},
	volume = {111},
	issn = {0027-8424},
	doi = {10.1073/pnas.1316145111},
	number = {15},
	journal = {Proceedings of the National Academy of Sciences of the United States of America},
	author = {Sunday, Jennifer M. and Bates, Amanda E. and Kearney, Michael R. and Colwell, Robert K. and Dulvy, Nicholas K. and Longino, John T. and Huey, Raymond B.},
	month = apr,
	year = {2014},
	pmid = {24616528},
	pmcid = {PMC3992687},
	pages = {5610--5615},
}
@article{lewis_increasing_2015,
	title = {Increasing human dominance of tropical forests},
	volume = {349},
	issn = {0036-8075, 1095-9203},
	doi = {10.1126/science.aaa9932},
	language = {en},
	number = {6250},
	journal = {Science},
	author = {Lewis, Simon L. and Edwards, David P. and Galbraith, David},
	month = aug,
	year = {2015},
	pmid = {26293955},
	pages = {827--832},
}
@article{scheffers_microhabitats_2014,
	title = {Microhabitats in the tropics buffer temperature in a globally coherent manner},
	volume = {10},
	issn = {1744-9561, 1744-957X},
	doi = {10.1098/rsbl.2014.0819},
	language = {en},
	number = {12},
	journal = {Biology Letters},
	author = {Scheffers, Brett R. and Evans, Theodore A. and Williams, Stephen E. and Edwards, David P.},
	month = dec,
	year = {2014},
	pmid = {25540160},
	pages = {20140819},
}
@article{chen_growing-season_1995,
	title = {Growing-season microclimatic gradients from clearcut edges into old-growth douglas-fir forests},
	volume = {5},
	issn = {1051-0761},
	doi = {10.2307/1942053},
	number = {1},
	journal = {Ecological Applications},
	author = {Chen, Jiquan and Franklin, Jerry F. and Spies, Thomas A.},
	month = feb,
	year = {1995},
	pages = {74--86},
}
@article{chou_increase_2013,
	title = {Increase in the range between wet and dry season precipitation},
	volume = {6},
	issn = {1752-0894},
	doi = {10.1038/ngeo1744},
	language = {en},
	number = {4},
	journal = {Nature Geoscience},
	author = {Chou, Chia and Chiang, John C. H. and Lan, Chia-Wei and Chung, Chia-Hui and Liao, Yi-Chun and Lee, Chia-Jung},
	month = apr,
	year = {2013},
	keywords = {Atmospheric science, hydrology},
	pages = {263--267},
}
@article{chou_changes_2012,
	title = {Changes in the annual range of precipitation under global warming},
	volume = {25},
	issn = {0894-8755},
	doi = {10.1175/JCLI-D-11-00097.1},
	number = {1},
	journal = {Journal of Climate},
	author = {Chou, Chia and Lan, Chia-Wei},
	month = jan,
	year = {2012},
	keywords = {climate variability, seasonal cycle, Trends},
	pages = {222--235},
}
@article{christidis_role_2013,
	title = {The role of land use change in the recent warming of daily extreme temperatures},
	volume = {40},
	issn = {1944-8007},
	doi = {10.1002/grl.50159},
	language = {en},
	number = {3},
	journal = {Geophysical Research Letters},
	author = {Christidis, Nikolaos and Stott, Peter A. and Hegerl, Gabriele C. and Betts, Richard A.},
	month = feb,
	year = {2013},
	keywords = {land use, 1632 Land cover change, 3305 Climate change and variability, Temperature extremes, 4313 Extreme events, Detection and Attribution, 3337 Global climate models, 1630 Impacts of global change},
	pages = {589--594},
},
}
@article{snyder_analyzing_2004,
	title = {Analyzing the effects of complete tropical forest removal on the regional climate using a detailed three-dimensional energy budget: {An} application to {Africa}},
	volume = {109},
	issn = {2156-2202},
	shorttitle = {Analyzing the effects of complete tropical forest removal on the regional climate using a detailed three-dimensional energy budget},
	doi = {10.1029/2003JD004462},
	language = {en},
	number = {D21},
	journal = {Journal of Geophysical Research: Atmospheres},
	author = {Snyder, Peter K. and Foley, Jonathan A. and Hitchman, Matthew H. and Delire, Christine},
	month = nov,
	year = {2004},
	keywords = {Africa, 3322 Meteorology and Atmospheric Dynamics: Land/atmosphere interactions, climate modeling, land-atmosphere interactions, shallow/deep convection, biophysical processes, 3307 Meteorology and Atmospheric Dynamics: Boundary layer processes, 3309 Meteorology and Atmospheric Dynamics: Climatology, tropical deforestation},
	pages = {D21102},
}
@article{findell_modeled_2007,
	title = {Modeled impact of anthropogenic land cover change on climate},
	volume = {20},
	issn = {0894-8755},
	doi = {10.1175/JCLI4185.1},
	number = {14},
	journal = {Journal of Climate},
	author = {Findell, Kirsten L. and Shevliakova, Elena and Milly, P. C. D. and Stouffer, Ronald J.},
	month = jul,
	year = {2007},
	keywords = {land use, vegetation, Anthropogenic effects, deforestation, Albedo},
	pages = {3621--3634},
}
@article{davin_climatic_2010,
	title = {Climatic impact of global-scale deforestation: radiative versus nonradiative processes},
	volume = {23},
	issn = {0894-8755},
	shorttitle = {Climatic {Impact} of {Global}-{Scale} {Deforestation}},
	doi = {10.1175/2009JCLI3102.1},
	number = {1},
	journal = {Journal of Climate},
	author = {Davin, Edouard L. and de Noblet-Ducoudré, Nathalie},
	month = jan,
	year = {2010},
	keywords = {Radiative forcing, Sea surface temperature, coupled models, Forest canopy, deforestation},
	pages = {97--112},
}
@article{pielke_land_2011,
	title = {Land use/land cover changes and climate: modeling analysis and observational evidence},
	volume = {2},
	issn = {1757-7799},
	shorttitle = {Land use/land cover changes and climate},
	doi = {10.1002/wcc.144},
	language = {en},
	number = {6},
	journal = {Wiley Interdisciplinary Reviews: Climate Change},
	author = {Pielke, Roger A. and Pitman, Andy and Niyogi, Dev and Mahmood, Rezaul and McAlpine, Clive and Hossain, Faisal and Goldewijk, Kees Klein and Nair, Udaysankar and Betts, Richard and Fall, Souleymane and Reichstein, Markus and Kabat, Pavel and de Noblet, Nathalie},
	month = nov,
	year = {2011},
	pages = {828--850},
}
@article{tewksbury_putting_2008,
	title = {Putting the heat on tropical animals},
	volume = {320},
	issn = {0036-8075, 1095-9203},
	doi = {10.1126/science.1159328},
	language = {en},
	number = {5881},
	journal = {Science},
	author = {Tewksbury, Joshua J. and Huey, Raymond B. and Deutsch, Curtis A.},
	month = jun,
	year = {2008},
	pmid = {18535231},
	pages = {1296--1297},
}
@article{van_houtan_dispersal_2007,
	title = {Dispersal of {Amazonian} birds in continuous and fragmented forest},
	volume = {10},
	issn = {1461-0248},
	doi = {10.1111/j.1461-0248.2007.01004.x},
	language = {en},
	number = {3},
	journal = {Ecology Letters},
	author = {Van Houtan, Kyle S. and Pimm, Stuart L. and Halley, John M. and Bierregaard, Richard O. and Lovejoy, Thomas E.},
	month = mar,
	year = {2007},
	keywords = {Long-distance dispersal, gap crossing, Dispersal kernels, gamma, log-hyperbolic secant, population extinctions, Rayleigh, understory forest birds, forest fragmentation},
	pages = {219--229},
}
@article{wiens_matching_2010,
	title = {Matching the multiple scales of conservation with the multiple scales of climate change},
	volume = {24},
	issn = {1523-1739},
	doi = {10.1111/j.1523-1739.2009.01409.x},
	language = {en},
	number = {1},
	journal = {Conservation Biology},
	author = {Wiens, John A. and Bachelet, Dominique},
	month = feb,
	year = {2010},
	keywords = {Climate change, cambio climático, downscaling, Climate models, conservation planning, planificación de la conservación, short-grass prairie, the nature conservancy, escala, modelos climáticos, praderas, reducción de escala, Scale},
	pages = {51--62},
}
@article{tuff_framework_2016,
	title = {A framework for integrating thermal biology into fragmentation research},
	volume = {19},
	issn = {1461-0248},
	doi = {10.1111/ele.12579},
	language = {en},
	number = {4},
	journal = {Ecology Letters},
	author = {Tuff, K. T. and Tuff, T. and Davies, K. F.},
	month = apr,
	year = {2016},
	keywords = {Climate change, edge effect, warming tolerance, spatial, thermal biology, thermal safety margin, Temperature, conservation, extinction, habitat fragmentation},
	pages = {361--374},
}
@article{lawrence_effects_2015,
	title = {Effects of tropical deforestation on climate and agriculture},
	volume = {5},
	issn = {1758-678X},
	doi = {10.1038/nclimate2430},
	language = {en},
	number = {1},
	journal = {Nature Climate Change},
	author = {Lawrence, Deborah and Vandecar, Karen},
	month = jan,
	year = {2015},
	keywords = {agroecology, Climate and Earth system modelling, Climate-change impacts, hydrology},
	pages = {27--36},
}
@article{li_local_2015,
	title = {Local cooling and warming effects of forests based on satellite observations},
	volume = {6},
	journal = {Nature Communications},
	author = {Li, Yan and Zhao, Maosheng and Motesharrei, Safa and Mu, Qiaozhen and Kalnay, Eugenia and Li, Shuangcheng},
	month = mar,
	year = {2015},
	pages = {6603},
}
@article{dubreuil_impact_2011,
	title = {Impact of land-cover change in the {Southern} {Amazonia} climate: a case study for the region of {Alta} {Floresta}, {Mato} {Grosso}, {Brazil}},
	volume = {184},
	issn = {0167-6369, 1573-2959},
	shorttitle = {Impact of land-cover change in the {Southern} {Amazonia} climate},
	doi = {10.1007/s10661-011-2006-x},
	language = {en},
	number = {2},
	journal = {Environmental Monitoring and Assessment},
	author = {Dubreuil, Vincent and Debortoli, Nathan and Funatsu, Beatriz and Nédélec, Vincent and Durieux, Laurent},
	month = apr,
	year = {2011},
	keywords = {Environmental Management, Atmospheric Protection/Air Quality Control/Air Pollution, Ecotoxicology, Environmental Monitoring/Analysis, Amazonia, Temperatures, deforestation, rainfall, Ecology},
	pages = {877--891},
}
@article{kingsolver_welltemperatured_2009,
	title = {The well‐temperatured biologist.},
	volume = {174},
	issn = {0003-0147},
	doi = {10.1086/648310},
	number = {6},
	journal = {The American Naturalist},
	author = {Kingsolver, Joel G.},
	month = dec,
	year = {2009},
	pages = {755--768},
}
@article{kearney_activity_2013,
	title = {Activity restriction and the mechanistic basis for extinctions under climate warming},
	volume = {16},
	issn = {1461-0248},
	doi = {10.1111/ele.12192},
	language = {en},
	number = {12},
	journal = {Ecology Letters},
	author = {Kearney, Michael R.},
	month = dec,
	year = {2013},
	keywords = {Climate change, Ectotherm, Activity restriction, biophysical model, mechanistic model, thermodynamic niche, energy budget},
	pages = {1470--1479},
}
@article{gunderson_conceptual_2016,
	title = {A conceptual framework for understanding thermal constraints on ectotherm activity with implications for predicting responses to global change},
	volume = {19},
	issn = {1461-0248},
	doi = {10.1111/ele.12552},
	language = {en},
	number = {2},
	journal = {Ecology Letters},
	author = {Gunderson, Alex R. and Leal, Manuel},
	month = feb,
	year = {2016},
	keywords = {Global change, Anolis, Ectotherm, Activity, Physiology, Temperature, behaviour},
	pages = {111--120},
}
@article{puurtinen_temperature-dependent_2015,
	title = {Temperature-dependent mutational robustness can explain faster molecular evolution at warm temperatures, affecting speciation rate and global patterns of species diversity},
	issn = {1600-0587},
	doi = {10.1111/ecog.01948},
	language = {en},
	journal = {Ecography},
	author = {Puurtinen, Mikael and Elo, Merja and Jalasvuori, Matti and Kahilainen, Aapo and Ketola, Tarmo and Kotiaho, Janne S. and Mönkkönen, Mikko and Pentikäinen, Olli T.},
	month = dec,
	year = {2015},
	pages = {001--009},
}
@article{murcia_edge_1995,
	title = {Edge effects in fragmented forests: implications for conservation},
	volume = {10},
	issn = {0169-5347},
	shorttitle = {Edge effects in fragmented forests},
	doi = {10.1016/S0169-5347(00)88977-6},
	number = {2},
	journal = {Trends in Ecology \& Evolution},
	author = {Murcia, Carolina},
	month = feb,
	year = {1995},
	pages = {58--62},
}
@article{mora_projected_2013,
	title = {The projected timing of climate departure from recent variability},
	volume = {502},
	issn = {0028-0836},
	doi = {10.1038/nature12540},
	language = {en},
	number = {7470},
	journal = {Nature},
	author = {Mora, Camilo and Frazier, Abby G. and Longman, Ryan J. and Dacks, Rachel S. and Walton, Maya M. and Tong, Eric J. and Sanchez, Joseph J. and Kaiser, Lauren R. and Stender, Yuko O. and Anderson, James M. and Ambrosino, Christine M. and Fernandez-Silva, Iria and Giuseffi, Louise M. and Giambelluca, Thomas W.},
	month = oct,
	year = {2013},
	keywords = {Projection and prediction},
	pages = {183--187},
}
@article{badejo_response_2004,
	title = {Response of soil mites to organic cultivation in an ultisol in southeast {Brazil}},
	volume = {34},
	number = {3-4},
	journal = {Experimental \& applied acarology},
	author = {Badejo, M. Adetola and De Aquino, Adriana Maria and De-Polli, Helvecio and Correia, Maria Elizabeth Fernandes},
	year = {2004},
	keywords = {Organic farming, pasture, Forest, Animal Systematics/Taxonomy/Biogeography, Actinedida, Cow dung, Gamasina, Oribatida, Soil mites, Uropodina},
	pages = {345--364},
}
@article{furukawa_effect_2005,
	title = {Effect of changing groundwater levels caused by land-use changes on greenhouse gas fluxes from tropical peat lands},
	volume = {71},
	issn = {1385-1314, 1573-0867},
	doi = {10.1007/s10705-004-5286-5},
	language = {en},
	number = {1},
	journal = {Nutrient Cycling in Agroecosystems},
	author = {Furukawa, Yuichiro and Inubushi, Kazuyuki and Ali, Mochamad and Itang, A. M. and Tsuruta, Haruo},
	month = jan,
	year = {2005},
	keywords = {Soil Science \& Conservation, methane, Carbon dioxide, land-use, Nitrous oxide, peat, Groundwater, Histosol},
	pages = {81--91},
}
@article{sonnleitner_microclimatic_2009,
	title = {Microclimatic patterns correlate with the distribution of epiphyllous bryophytes in a tropical lowland rain forest in {Costa} {Rica}},
	volume = {25},
	issn = {1469-7831},
	doi = {10.1017/S0266467409006002},
	number = {03},
	journal = {Journal of Tropical Ecology},
	author = {Sonnleitner, Michaela and Dullinger, Stefan and Wanek, Wolfgang and Zechmeister, Harald},
	month = may,
	year = {2009},
	pages = {321--330},
}
@article{parmesan_globally_2003,
	title = {A globally coherent fingerprint of climate change impacts across natural systems},
	volume = {421},
	issn = {0028-0836},
	doi = {10.1038/nature01286},
	language = {en},
	number = {6918},
	journal = {Nature},
	author = {Parmesan, Camille and Yohe, Gary},
	month = jan,
	year = {2003},
	pages = {37--42},
}
@article{hurtt_harmonization_2011,
	title = {Harmonization of land-use scenarios for the period 1500–2100: 600 years of global gridded annual land-use transitions, wood harvest, and resulting secondary lands},
	volume = {109},
	issn = {0165-0009, 1573-1480},
	shorttitle = {Harmonization of land-use scenarios for the period 1500–2100},
	doi = {10.1007/s10584-011-0153-2},
	language = {en},
	number = {1-2},
	journal = {Climatic Change},
	author = {Hurtt, G. C. and Chini, L. P. and Frolking, S. and Betts, R. A. and Feddema, J. and Fischer, G. and Fisk, J. P. and Hibbard, K. and Houghton, R. A. and Janetos, A. and Jones, C. D. and Kindermann, G. and Kinoshita, T. and Goldewijk, Kees Klein and Riahi, K. and Shevliakova, E. and Smith, S. and Stehfest, E. and Thomson, A. and Thornton, P. and Vuuren, D. P. van and Wang, Y. P.},
	month = nov,
	year = {2011},
	keywords = {Meteorology/Climatology},
	pages = {117--161},
}
@article{laurance_global_2014,
	title = {A global strategy for road building},
	volume = {513},
	issn = {0028-0836},
	doi = {10.1038/nature13717},
	language = {en},
	number = {7517},
	journal = {Nature},
	author = {Laurance, William F. and Clements, Gopalasamy Reuben and Sloan, Sean and O’Connell, Christine S. and Mueller, Nathan D. and Goosem, Miriam and Venter, Oscar and Edwards, David P. and Phalan, Ben and Balmford, Andrew and Van Der Ree, Rodney and Arrea, Irene Burgues},
	month = sep,
	year = {2014},
	keywords = {conservation},
	pages = {229--232},
}
@article{ewers_fragmentation_2013,
	title = {Fragmentation {Impairs} the {Microclimate} {Buffering} {Effect} of {Tropical} {Forests}},
	volume = {8},
	issn = {1932-6203},
	doi = {10.1371/journal.pone.0058093},
	number = {3},
	journal = {PLOS ONE},
	author = {Ewers, Robert M. and Banks-Leite, Cristina},
	month = mar,
	year = {2013},
	keywords = {Climate change, Ecosystems, Forest ecology, forests, Invertebrates, Winter, Biodiversity, trees},
	pages = {e58093},
}
@article{frenne_weather_2016,
	title = {Weather stations lack forest data},
	volume = {351},
	issn = {0036-8075, 1095-9203},
	doi = {10.1126/science.351.6270.234-a},
	language = {en},
	number = {6270},
	journal = {Science},
	author = {Frenne, Pieter De and Verheyen, Kris},
	month = jan,
	year = {2016},
	pmid = {26816367},
	pages = {234--234},
}
@article{barlow_anthropogenic_2016,
	title = {Anthropogenic disturbance in tropical forests can double biodiversity loss from deforestation},
	volume = {535},
	issn = {0028-0836},
	doi = {10.1038/nature18326},
	language = {en},
	number = {7610},
	journal = {Nature},
	author = {Barlow, Jos and Lennox, Gareth D. and Ferreira, Joice and Berenguer, Erika and Lees, Alexander C. and Nally, Ralph Mac and Thomson, James R. and Ferraz, Silvio Frosini de Barros and Louzada, Julio and Oliveira, Victor Hugo Fonseca and Parry, Luke and Ribeiro de Castro Solar, Ricardo and Vieira, Ima C. G. and Aragão, Luiz E. O. C. and Begotti, Rodrigo Anzolin and Braga, Rodrigo F. and Cardoso, Thiago Moreira and Jr, Raimundo Cosme de Oliveira and Souza Jr, Carlos M. and Moura, Nárgila G. and Nunes, Sâmia Serra and Siqueira, João Victor and Pardini, Renata and Silveira, Juliana M. and Vaz-de-Mello, Fernando Z. and Veiga, Ruan Carlo Stulpen and Venturieri, Adriano and Gardner, Toby A.},
	month = jul,
	year = {2016},
	keywords = {Forest ecology, Conservation biology, tropical ecology},
	pages = {144--147},
}
@article{hannah_fine-grain_2014,
	title = {Fine-grain modeling of species’ response to climate change: holdouts, stepping-stones, and microrefugia},
	volume = {29},
	issn = {0169-5347},
	shorttitle = {Fine-grain modeling of species’ response to climate change},
	doi = {10.1016/j.tree.2014.04.006},
	number = {7},
	journal = {Trends in Ecology \& Evolution},
	author = {Hannah, Lee and Flint, Lorraine and Syphard, Alexandra D. and Moritz, Max A. and Buckley, Lauren B. and McCullough, Ian M.},
	month = jul,
	year = {2014},
	keywords = {Climate change, range shift, Microrefugia, holdout, stepping-stone, conservation},
	pages = {390--397},
}
@article{gonzalez_del_pliego_thermally_2016,
	title = {Thermally buffered microhabitats recovery in tropical secondary forests following land abandonment},
	volume = {201},
	issn = {0006-3207},
	doi = {10.1016/j.biocon.2016.07.038},
	journal = {Biological Conservation},
	author = {González del Pliego, Pamela and Scheffers, Brett R. and Basham, Edmund W. and Woodcock, Paul and Wheeler, Charlotte and Gilroy, James J. and Medina Uribe, Claudia A. and Haugaasen, Torbjørn and Freckleton, Rob P. and Edwards, David P.},
	month = sep,
	year = {2016},
	keywords = {global climate change, Carbon enhancement, Choco-Andes, Microclimate buffering, Secondary forest regeneration},
	pages = {385--395},
}
@article{lindenmayer_cavity_2000,
	title = {Cavity sizes and types in {Australian} eucalypts from wet and dry forest types–a simple of rule of thumb for estimating size and number of cavities},
	volume = {137},
	issn = {0378-1127},
	doi = {10.1016/S0378-1127(99)00322-9},
	number = {1–3},
	journal = {Forest Ecology and Management},
	author = {Lindenmayer, D. B and Cunningham, R. B and Pope, M. L and Gibbons, P and Donnelly, C. F},
	month = oct,
	year = {2000},
	keywords = {forests, Trees with hollows, Cavities, Snags, South-eastern Australia, Statistical modelling},
	pages = {139--150},
}
@article{jenkins_global_2013,
	title = {Global patterns of terrestrial vertebrate diversity and conservation},
	volume = {110},
	issn = {0027-8424, 1091-6490},
	doi = {10.1073/pnas.1302251110},
	language = {en},
	number = {28},
	journal = {Proceedings of the National Academy of Sciences},
	author = {Jenkins, Clinton N. and Pimm, Stuart L. and Joppa, Lucas N.},
	month = jul,
	year = {2013},
	pmid = {23803854},
	keywords = {biogeography, Endemism, species distributions, conservation planning},
	pages = {E2602--E2610},
}
@article{fisher_cost-effective_2011,
	title = {Cost-effective conservation: calculating biodiversity and logging trade-offs in {Southeast} {Asia}},
	volume = {4},
	issn = {1755-263X},
	shorttitle = {Cost-effective conservation},
	doi = {10.1111/j.1755-263X.2011.00198.x},
	language = {en},
	number = {6},
	journal = {Conservation Letters},
	author = {Fisher, Brendan and Edwards, David P. and Larsen, Trond H. and Ansell, Felicity A. and Hsu, Wayne W. and Roberts, Carter S. and Wilcove, David S.},
	month = dec,
	year = {2011},
	keywords = {Logging, Birds, dung beetles, cost-effectiveness, Biodiversity conservation, forest degradation, Borneo},
	pages = {443--450},
}
@article{berry_impacts_2008,
	title = {Impacts of selective logging on tree diversity across a rainforest landscape: the importance of spatial scale},
	volume = {23},
	issn = {0921-2973, 1572-9761},
	shorttitle = {Impacts of selective logging on tree diversity across a rainforest landscape},
	doi = {10.1007/s10980-008-9248-1},
	language = {en},
	number = {8},
	journal = {Landscape Ecology},
	author = {Berry, Nicholas J. and Phillips, Oliver L. and Ong, Robert C. and Hamer, Keith C.},
	month = jul,
	year = {2008},
	pages = {915--929},
}
@article{hassall_predicting_2010,
	title = {Predicting the effect of climate change on aggregation behaviour in four species of terrestrial isopods},
	volume = {147},
	issn = {1568-539X},
	doi = {10.1163/000579509X12512861455834},
	number = {2},
	journal = {Behaviour},
	author = {Hassall, Mark and Edwards, David P. and Carmenta, Rachel and Derhé, Mia A. and Moss, Anna},
	month = feb,
	year = {2010},
	keywords = {Global warming, phenotypic plasticity, WOODLICE, COEXISTENCE, COPROPHAGY},
	pages = {151--164},
}
@article{ewers_logging_2015,
	title = {Logging cuts the functional importance of invertebrates in tropical rainforest},
	volume = {6},
	journal = {Nature Communications},
	author = {Ewers, Robert M. and Boyle, Michael J. W. and Gleave, Rosalind A. and Plowman, Nichola S. and Benedick, Suzan and Bernard, Henry and Bishop, Tom R. and Bakhtiar, Effendi Y. and Chey, Vun Khen and Chung, Arthur Y. C. and Davies, Richard G. and Edwards, David P. and Eggleton, Paul and Fayle, Tom M. and Hardwick, Stephen R. and Homathevi, Rahman and Kitching, Roger L. and Khoo, Min Sheng and Luke, Sarah H. and March, Joshua J. and Nilus, Reuben and Pfeifer, Marion and Rao, Sri V. and Sharp, Adam C. and Snaddon, Jake L. and Stork, Nigel E. and Struebig, Matthew J. and Wearn, Oliver R. and Yusah, Kalsum M. and Turner, Edgar C.},
	month = apr,
	year = {2015},
	pages = {6836},
}
@article{ball_tree_1999,
	title = {A tree hollow dynamics simulation model},
	volume = {123},
	issn = {0378-1127},
	doi = {10.1016/S0378-1127(99)00026-2},
	number = {2–3},
	journal = {Forest Ecology and Management},
	author = {Ball, I. R and Lindenmayer, D. B and Possingham, H. P},
	month = nov,
	year = {1999},
	keywords = {Forest ecosystems, Cavities, Hollows, Forest management},
	pages = {179--194},
}
@article{edwards_selective-logging_2014,
	title = {Selective-logging and oil palm: multitaxon impacts, biodiversity indicators, and trade-offs for conservation planning},
	volume = {24},
	issn = {1939-5582},
	shorttitle = {Selective-logging and oil palm},
	doi = {10.1890/14-0010.1},
	language = {en},
	number = {8},
	journal = {Ecological Applications},
	author = {Edwards, David P. and Magrach, Ainhoa and Woodcock, Paul and Ji, Yinqiu and Lim, Norman T.-L. and Edwards, Felicity A. and Larsen, Trond H. and Hsu, Wayne W. and Benedick, Suzan and Khen, Chey Vun and Chung, Arthur Y. C. and Reynolds, Glen and Fisher, Brendan and Laurance, William F. and Wilcove, David S. and Hamer, Keith C. and Yu, Douglas W.},
	month = dec,
	year = {2014},
	keywords = {Southeast Asia, indicator taxa, timber concessions, oil palm plantation agriculture, Sabah, Malaysian Borneo, cost-effective conservation, selective logging, tropical rain forest},
	pages = {2029--2049},
}
@article{warton_arcsine_2011,
	title = {The arcsine is asinine: the analysis of proportions in ecology},
	volume = {92},
	issn = {1939-9170},
	shorttitle = {The arcsine is asinine},
	doi = {10.1890/10-0340.1},
	language = {en},
	number = {1},
	journal = {Ecology},
	author = {Warton, David I. and Hui, Francis K. C.},
	month = jan,
	year = {2011},
	keywords = {generalized linear mixed models, arcsine transformation, binomial, logistic regression, logit transformation, overdispersion, power, Type I error},
	pages = {3--10},
}
@article{sears_configuration_2016,
	title = {Configuration of the thermal landscape determines thermoregulatory performance of ectotherms},
	volume = {113},
	issn = {0027-8424, 1091-6490},
	doi = {10.1073/pnas.1604824113},
	language = {en},
	number = {38},
	journal = {Proceedings of the National Academy of Sciences},
	author = {Sears, Michael W. and Angilletta, Michael J. and Schuler, Matthew S. and Borchert, Jason and Dilliplane, Katherine F. and Stegman, Monica and Rusch, Travis W. and Mitchell, William A.},
	month = sep,
	year = {2016},
	pmid = {27601639},
	keywords = {thermal ecology, behavioral thermoregulation, individual-based model, spatial ecology, thermal heterogeneity},
	pages = {10595--10600},
}
@article{maxwell_biodiversity:_2016,
	title = {Biodiversity: {The} ravages of guns, nets and bulldozers},
	volume = {536},
	shorttitle = {Biodiversity},
	doi = {10.1038/536143a},
	number = {7615},
	journal = {Nature News},
	author = {Maxwell, Sean L. and Fuller, Richard A. and Brooks, Thomas M. and Watson, James E. M.},
	month = aug,
	year = {2016},
	pages = {143},
}
@article{nunez_connectivity_2013,
	title = {Connectivity {Planning} to {Address} {Climate} {Change}},
	volume = {27},
	issn = {1523-1739},
	doi = {10.1111/cobi.12014},
	language = {en},
	number = {2},
	journal = {Conservation Biology},
	author = {Nuñez, Tristan A. and Lawler, Joshua J. and Mcrae, Brad H. and Pierce, D. John and Krosby, Meade B. and Kavanagh, Darren M. and Singleton, Peter H. and Tewksbury, Joshua J.},
	month = apr,
	year = {2013},
	keywords = {Reserve design, corridors, conservation planning, planificación de la conservación, Adaptación, climate gradients, coarse-filter approach, corredores, diseño de reservas, gradientes de clima, método de grano grueso, adaptation},
	pages = {407--416},
}
@article{franca_space-for-time_2016,
	title = {Do space-for-time assessments underestimate the impacts of logging on tropical biodiversity? {An} {Amazonian} case study using dung beetles},
	volume = {53},
	issn = {1365-2664},
	shorttitle = {Do space-for-time assessments underestimate the impacts of logging on tropical biodiversity?},
	doi = {10.1111/1365-2664.12657},
	language = {en},
	number = {4},
	journal = {Journal of Applied Ecology},
	author = {França, Filipe and Louzada, Julio and Korasaki, Vanesca and Griffiths, Hannah and Silveira, Juliana M. and Barlow, Jos},
	month = aug,
	year = {2016},
	keywords = {Species diversity, rain forest, Brazilian Amazon, space-for-time substitution, before–after control–impact, Chronosequences, resampling, selective logging, Reduced-impact logging, land-use change},
	pages = {1098--1105},
}
@article{snyder_classification-based_1998,
	title = {Classification-based emissivity for land surface temperature measurement from space},
	volume = {19},
	issn = {0143-1161},
	doi = {10.1080/014311698214497},
	number = {14},
	journal = {International Journal of Remote Sensing},
	author = {Snyder, W. C. and Wan, Z. and Zhang, Y. and Feng, Y.-Z.},
	month = jan,
	year = {1998},
	pages = {2753--2774},
}
@article{asner_canopy_2004,
	title = {Canopy {Damage} and {Recovery} {After} {Selective} {Logging} in {Amazonia}: {Field} and {Satellite} {Studies}},
	volume = {14},
	issn = {1939-5582},
	shorttitle = {Canopy {Damage} and {Recovery} {After} {Selective} {Logging} in {Amazonia}},
	doi = {10.1890/01-6019},
	language = {en},
	number = {sp4},
	journal = {Ecological Applications},
	author = {Asner, Gregory P. and Keller, Michael and Pereira, Rodrigo, Jr and Zweede, Johan C. and Silva, Jose N. M.},
	month = aug,
	year = {2004},
	keywords = {Amazon basin, Brazil, Spectral mixture analysis, Landsat 7, canopy damage, gap fraction, timber harvest, selective logging, tropical forest, land-use change},
	pages = {280--298},
}
@article{herault_modeling_2010,
	title = {Modeling decay rates of dead wood in a neotropical forest},
	volume = {164},
	issn = {0029-8549, 1432-1939},
	doi = {10.1007/s00442-010-1602-8},
	language = {en},
	number = {1},
	journal = {Oecologia},
	author = {Hérault, Bruno and Beauchêne, Jacques and Muller, Félix and Wagner, Fabien and Baraloto, Christopher and Blanc, Lilian and Martin, Jean-Michel},
	month = sep,
	year = {2010},
	pages = {243--251},
}
@article{kaspari_thermal_2015,
	title = {Thermal adaptation generates a diversity of thermal limits in a rainforest ant community},
	volume = {21},
	issn = {1365-2486},
	doi = {10.1111/gcb.12750},
	language = {en},
	number = {3},
	journal = {Global Change Biology},
	author = {Kaspari, Michael and Clay, Natalie A. and Lucas, Jane and Yanoviak, Stephen P and Kay, Adam},
	month = mar,
	year = {2015},
	keywords = {thermal limits, ants, boundary layer, community, canopy, understory, ectotherms, tropical forest},
	pages = {1092--1102},
}
@article{scheffers_extreme_2017,
	title = {Extreme thermal heterogeneity in structurally complex tropical rain forests},
	volume = {49},
	issn = {1744-7429},
	doi = {10.1111/btp.12355},
	language = {en},
	number = {1},
	journal = {Biotropica},
	author = {Scheffers, Brett R. and Edwards, David P. and Macdonald, Stewart L. and Senior, Rebecca A. and Andriamahohatra, Lydou R. and Roslan, Nadiah and Rogers, Andrew M. and Haugaasen, Torbjørn and Wright, Patricia and Williams, Stephen E.},
	month = jan,
	year = {2017},
	keywords = {thermal performance, camera, infrared, thermographic, microhabitat, Temperature, thermoregulation},
	pages = {35--44},
}
@article{mclaughlin_hydrologic_2017,
	title = {Hydrologic refugia, plants, and climate change},
	volume = {23},
	issn = {1365-2486},
	doi = {10.1111/gcb.13629},
	language = {en},
	number = {8},
	journal = {Global Change Biology},
	author = {McLaughlin, Blair C. and Ackerly, David D. and Klos, P. Zion and Natali, Jennifer and Dawson, Todd E. and Thompson, Sally E.},
	month = aug,
	year = {2017},
	keywords = {Climate change, refugia, Microrefugia, fog, Groundwater, hydrologic niche, hydrologic refugia, conservation},
	pages = {2941--2961},
}
@article{yeong_leaf_2016,
	title = {Leaf litter decomposition rates in degraded and fragmented tropical rain forests of {Borneo}},
	volume = {48},
	issn = {1744-7429},
	doi = {10.1111/btp.12319},
	language = {en},
	number = {4},
	journal = {Biotropica},
	author = {Yeong, Kok Loong and Reynolds, Glen and Hill, Jane K.},
	month = jul,
	year = {2016},
	keywords = {Danum Valley, forest rehabilitation, Sabah, Dryobalanops lanceolata, high conservation value (HCV)},
	pages = {443--452},
}
@article{shi_framework_2016,
	title = {A framework for quantifying the thermal buffering effect of microhabitats},
	volume = {204},
	issn = {0006-3207},
	doi = {10.1016/j.biocon.2016.11.006},
	journal = {Biological Conservation},
	author = {Shi, Haijing and Wen, Zhongming and Paull, David and Guo, Minghang},
	month = dec,
	year = {2016},
	keywords = {Climate change, Thermal buffering effect, Scale, microhabitat},
	pages = {175--180},
}
@article{nadeau_coarse_2017,
	title = {Coarse climate change projections for species living in a fine-scaled world},
	volume = {23},
	issn = {1365-2486},
	doi = {10.1111/gcb.13475},
	language = {en},
	number = {1},
	journal = {Global Change Biology},
	author = {Nadeau, Christopher P. and Urban, Mark C. and Bridle, Jon R.},
	month = jan,
	year = {2017},
	keywords = {spatial resolution, grid size, Impact assessment, temporal resolution, spatial scaling, Autocorrelation, trend, variance},
	pages = {12--24},
}
@article{sirami_impacts_2017,
	title = {Impacts of global change on species distributions: obstacles and solutions to integrate climate and land use},
	volume = {26},
	issn = {1466-8238},
	shorttitle = {Impacts of global change on species distributions},
	doi = {10.1111/geb.12555},
	language = {en},
	number = {4},
	journal = {Global Ecology and Biogeography},
	author = {Sirami, Clélia and Caplat, Paul and Popy, Simon and Clamens, Alex and Arlettaz, Raphaël and Jiguet, Frédéric and Brotons, Lluís and Martin, Jean-Louis},
	month = apr,
	year = {2017},
	keywords = {Climate change, range shift, synergies, Antagonisms, community indices, land-use change},
	pages = {385--394},
}
@misc{noauthor_noaa_2015,
	title = {{NOAA} {Climate} {Prediction} {Center} http://www.cpc.noaa.gov/products/analysis\_monitoring/ensostuff/ensoyears.shtml},
	month = nov,
	year = {2015},
}
@article{bates_fitting_2015,
	title = {Fitting {Linear} {Mixed}-{Effects} {Models} {Using} lme4},
	volume = {67},
	doi = {10.18637/jss.v067.i01},
	number = {1},
	journal = {Journal of Statistical Software},
	author = {Bates, Douglas and Mächler, Martin and Bolker, Ben and Walker, Steve},
	year = {2015},
	pages = {1--48}
}
@article{bivand_comparing_2015,
	title = {Comparing {Implementations} of {Estimation} {Methods} for {Spatial} {Econometrics}},
	volume = {63},
	issn = {1548-7660},
	language = {eng},
	journal = {Journal of Statistical Software},
	author = {Bivand, Roger and Piras, Gianfranco},
	month = jan,
	year = {2015},
	pages = {1--36},
}
@article{faye_toolbox_2016,
	title = {A toolbox for studying thermal heterogeneity across spatial scales: from unmanned aerial vehicle imagery to landscape metrics},
	volume = {7},
	issn = {2041-210X},
	shorttitle = {A toolbox for studying thermal heterogeneity across spatial scales},
	doi = {10.1111/2041-210X.12488},
	language = {en},
	number = {4},
	journal = {Methods in Ecology and Evolution},
	author = {Faye, Emile and Rebaudo, François and Yánez-Cajo, Danilo and Cauvy-Fraunié, Sophie and Dangles, Olivier},
	month = apr,
	year = {2016},
	keywords = {Ectotherm, high-resolution thermal imagery, UAV, spatial metrics, plant phenology, temperature heterogeneity, Microclimate},
	pages = {437--446},
}
@article{getis_local_1996,
	title = {Local spatial statistics: an overview},
	volume = {374},
	journal = {Spatial analysis: modelling in a GIS environment},
	author = {Getis, Arthur and Ord, J Keith},
	year = {1996},
	pages = {261--277},
}
@article{scheffers_microhabitats_2014-1,
	title = {Microhabitats reduce animal's exposure to climate extremes},
	volume = {20},
	issn = {1365-2486},
	doi = {10.1111/gcb.12439},
	number = {2},
	journal = {Global Change Biology},
	author = {Scheffers, Brett R. and Edwards, David P. and Diesmos, Arvin and Williams, Stephen E. and Evans, Theodore A.},
	year = {2014},
	keywords = {climate change, refuge, amphibian, critical thermal maximum, reptile, ecophysiology},
	pages = {495--503},
}
@misc{united_nations_united_2014,
	title = {United {Nations} {Millennium} {Development} {Goals}. [{Online}].},
	author = {{United Nations}},
	year = {2014},
}
@article{edwards_degraded_2011,
	title = {Degraded lands worth protecting: the biological importance of {Southeast} {Asia}'s repeatedly logged forests},
	journal = {Proceedings of the Royal Society B: Biological Sciences},
	volume = {278},
	issn = {0962-8452, 1471-2954},
	shorttitle = {Degraded lands worth protecting},
	doi = {10.1098/rspb.2010.1062},
	author = {Edwards, David P. and Larsen, Trond H. and Docherty, Teegan D. S. and Ansell, Felicity A. and Hsu, Wayne W. and Derhé, Mia A. and Hamer, Keith C. and Wilcove, David S.},
	year = {2011},
	pmid = {20685713},
	keywords = {Biodiversity, Landscape planning, oil palm, secondary forest, selective logging},
	pages = {82--90},
}
@article{barnosky_has_2011,
	title = {Has the {Earth}’s sixth mass extinction already arrived?},
	journal = {Nature},
	volume = {471},
	issn = {0028-0836, 1476-4687},
	doi = {10.1038/nature09678},
	number = {7336},
	author = {Barnosky, Anthony D. and Matzke, Nicholas and Tomiya, Susumu and Wogan, Guinevere O. U. and Swartz, Brian and Quental, Tiago B. and Marshall, Charles and McGuire, Jenny L. and Lindsey, Emily L. and Maguire, Kaitlin C. and Mersey, Ben and Ferrer, Elizabeth A.},
	month = mar,
	year = {2011},
	pages = {51--57},
}
@article{brodie_correlation_2015,
}
@article{asner_contemporary_2009,
	title = {A contemporary assessment of change in humid tropical forests},
	volume = {23},
	issn = {1523-1739},
	doi = {10.1111/j.1523-1739.2009.01333.x},
	number = {6},
	journal = {Conservation Biology},
	author = {Asner, Gregory P. and Rudel, Thomas K. and Aide, T. Mitchell and Defries, Ruth and Emerson, Ruth},
	month = dec,
	year = {2009},
	keywords = {deforestation, secondary forest, selective logging, timber harvesting, tala selectiva, bosque secundario, deforestación, degradación del bosque, explotación de madera, forest degradation, forest disturbance, forest regrowth, recuperación del bosque},
	pages = {1386--1395},
}
@article{fayle_effect_2009,
	title = {The {Effect} of {Rain} {Forest} {Canopy} {Architecture} on the {Distribution} of {Epiphytic} {Ferns} (\textit{{A}}splenium spp.) in {Sabah}, {Malaysia}},
	journal = {Biotropica},
	volume = {41},
	issn = {1744-7429},
	doi = {10.1111/j.1744-7429.2009.00523.x},
	number = {6},
	author = {Fayle, Tom M. and Chung, Arthur Y. C. and Dumbrell, Alex J. and Eggleton, Paul and Foster, William A.},
	month = nov,
	year = {2009},
	keywords = {Climate change, climate change, Microclimate, Asplenium nidus, Asplenium phyllitidis, bird's nest fern, habitat conversion, vertical stratification},
	pages = {676--681},
}
@article{sturm_climate_2001,
	title = {Climate change: {Increasing} shrub abundance in the {Arctic}},
	journal = {Nature},
	volume = {411},
	issn = {0028-0836},
	shorttitle = {Climate change},
	doi = {10.1038/35079180},
	number = {6837},
	author = {Sturm, Matthew and Racine, Charles and Tape, Kenneth},
	month = may,
	year = {2001},
	pages = {546--547},
}
@article{melin_moose_2014,
	title = {Moose (\textit{{A}}lces alces) reacts to high summer temperatures by utilizing thermal shelters in boreal forests - an analysis based on airborne laser scanning of the canopy structure at moose locations},
	journal = {Global Change Biology},
	volume = {20},
	issn = {13541013},
	doi = {10.1111/gcb.12405},
	number = {4},
	author = {Melin, Markus and Matala, Juho and Mehtätalo, Lauri and Tiilikainen, Raisa and Tikkanen, Olli-Pekka and Maltamo, Matti and Pusenius, Jyrki and Packalen, Petteri},
	month = apr,
	year = {2014},
	pages = {1115--1125},
}
@article{wickham_comparison_2012,
	title = {Comparison of cropland and forest surface temperatures across the conterminous {United} {States}},
	journal = {Agricultural and Forest Meteorology},
	volume = {166–167},
	issn = {0168-1923},
	doi = {10.1016/j.agrformet.2012.07.002},
	author = {Wickham, James D. and Wade, Timothy G. and Riitters, Kurt H.},
	month = dec,
	year = {2012},
	keywords = {Climate change, climate change, Albedo, DTR, land cover, MODIS, NLCD},
	pages = {137--143},
}
@article{du_plessis_costs_2012,
	title = {The costs of keeping cool in a warming world: implications of high temperatures for foraging, thermoregulation and body condition of an arid-zone bird},
	journal = {Global Change Biology},
	volume = {18},
	issn = {1365-2486},
	shorttitle = {The costs of keeping cool in a warming world},
	doi = {10.1111/j.1365-2486.2012.02778.x},
	number = {10},
	author = {du Plessis, Katherine L. and Martin, Rowan O. and Hockey, Philip A. R. and Cunningham, Susan J. and Ridley, Amanda R.},
	month = oct,
	year = {2012},
	keywords = {Climate change, climate change, body condition, body mass, daily maximum temperature, foraging efficiency, foraging effort, Southern Pied Babbler, temperature-dependent behaviour, thermoregulation, trade-offs, Turdoides bicolor},
	pages = {3063--3070},
}
@article{opdam_climate_2004,
	title = {Climate change meets habitat fragmentation: linking landscape and biogeographical scale levels in research and conservation},
	journal = {Biological Conservation},
	volume = {117},
	issn = {0006-3207},
	shorttitle = {Climate change meets habitat fragmentation},
	doi = {10.1016/j.biocon.2003.12.008},
	number = {3},
	author = {Opdam, Paul and Wascher, Dirk},
	month = may,
	year = {2004},
	keywords = {Climate change, climate change, habitat fragmentation, Geographical range, Habitat network, Metapopulation dynamics},
	pages = {285--297},
}
@article{brodie_climate_2012,
	title = {Climate change and tropical biodiversity: a new focus},
	journal = {Trends in Ecology and Evolution},
	volume = {27},
	issn = {0169-5347},
	shorttitle = {Climate change and tropical biodiversity},
	doi = {10.1016/j.tree.2011.09.008},
	number = {3},
	author = {Brodie, Jedediah and Post, Eric and Laurance, William F.},
	month = mar,
	year = {2012},
	pages = {145--150},
}
@article{carlson_deadwood_2017,
	title = {Deadwood stocks increase with selective logging and large tree frequency in {Gabon}},
	volume = {23},
	issn = {1365-2486},
	doi = {10.1111/gcb.13453},
	language = {en},
	number = {4},
	journal = {Global Change Biology},
	author = {Carlson, Ben S. and Koerner, Sally E. and Medjibe, Vincent P. and White, Lee J. T. and Poulsen, John R.},
	month = apr,
	year = {2017},
	keywords = {carbon storage, aboveground biomass (AGB), coarse woody debris (CWD), deadwood, necromass, tropical forest},
	pages = {1648--1660},
}
@article{deryabina_long-term_2015,
	title = {Long-term census data reveal abundant wildlife populations at {Chernobyl}},
	volume = {25},
	issn = {0960-9822},
	doi = {10.1016/j.cub.2015.08.017},
	number = {19},
	journal = {Current Biology},
	author = {Deryabina, T. G. and Kuchmel, S. V. and Nagorskaya, L. L. and Hinton, T. G. and Beasley, J. C. and Lerebours, A. and Smith, J. T.},
	month = oct,
	year = {2015},
	pages = {R824--R826},
}
@article{moller_anecdotes_2008,
	title = {Anecdotes and empirical research in {Chernobyl}},
	volume = {4},
	issn = {1744-9561},
	doi = {10.1098/rsbl.2007.0528},
	number = {1},
	journal = {Biology Letters},
	author = {Møller, A.P and Mousseau, T.A and de Lope, F and Saino, N},
	month = feb,
	year = {2008},
	pmid = {null},
	pmcid = {PMC2412943},
	pages = {65--66},
}
@article{senior_pantropical_2017,
	title = {A pantropical analysis of the impacts of forest degradation and conversion on local temperature},
	volume = {7},
	issn = {2045-7758},
	doi = {10.1002/ece3.3262},
	language = {en},
	number = {19},
	journal = {Ecology and Evolution},
	author = {Senior, Rebecca A. and Hill, Jane K. and González del Pliego, Pamela and Goode, Laurel K. and Edwards, David P.},
	month = oct,
	year = {2017},
	keywords = {Climate change, climate change, Scale, Temperature, tropics, land-use change, thermal},
	pages = {7897--7908},
}
@article{titeux_global_2017,
	title = {Global scenarios for biodiversity need to better integrate climate and land use change},
	volume = {23},
	issn = {1472-4642},
	doi = {10.1111/ddi.12624},
	language = {en},
	number = {11},
	journal = {Diversity and Distributions},
	author = {Titeux, Nicolas and Henle, Klaus and Mihoub, Jean-Baptiste and Regos, Adrián and Geijzendorffer, Ilse R. and Cramer, Wolfgang and Verburg, Peter H. and Brotons, Lluís},
	month = nov,
	year = {2017},
	pages = {1231--1234},
}
@article{scheffers_broad_2016,
	title = {The broad footprint of climate change from genes to biomes to people},
	volume = {354},
	issn = {0036-8075, 1095-9203},
	doi = {10.1126/science.aaf7671},
	language = {en},
	number = {6313},
	journal = {Science},
	author = {Scheffers, Brett R. and Meester, Luc De and Bridge, Tom C. L. and Hoffmann, Ary A. and Pandolfi, John M. and Corlett, Richard T. and Butchart, Stuart H. M. and Pearce-Kelly, Paul and Kovacs, Kit M. and Dudgeon, David and Pacifici, Michela and Rondinini, Carlo and Foden, Wendy B. and Martin, Tara G. and Mora, Camilo and Bickford, David and Watson, James E. M.},
	month = nov,
	year = {2016},
	pmid = {27846577},
	pages = {aaf7671},
}
@article{chen_rapid_2011,
	title = {Rapid {Range} {Shifts} of {Species} {Associated} with {High} {Levels} of {Climate} {Warming}},
	volume = {333},
	issn = {0036-8075, 1095-9203},
	doi = {10.1126/science.1206432},
	language = {en},
	number = {6045},
	journal = {Science},
	author = {Chen, I.-Ching and Hill, Jane K. and Ohlemüller, Ralf and Roy, David B. and Thomas, Chris D.},
	month = aug,
	year = {2011},
	pmid = {21852500},
	pages = {1024--1026},
}
@article{kuhn_early_2016,
	title = {Early signs of range disjunction of submountainous plant species: an unexplored consequence of future and contemporary climate changes},
	volume = {22},
	issn = {1365-2486},
	shorttitle = {Early signs of range disjunction of submountainous plant species},
	doi = {10.1111/gcb.13243},
	language = {en},
	number = {6},
	journal = {Global Change Biology},
	author = {Kuhn, Emilien and Lenoir, Jonathan and Piedallu, Christian and Gégout, Jean-Claude},
	month = jun,
	year = {2016},
	keywords = {Global warming, species distribution modelling, range shift, vegetation, evolution, population, range margin, species frequency},
	pages = {2094--2105},
}
@article{raxworthy_extinction_2008,
	title = {Extinction vulnerability of tropical montane endemism from warming and upslope displacement: a preliminary appraisal for the highest massif in {Madagascar}},
	volume = {14},
	issn = {1365-2486},
	shorttitle = {Extinction vulnerability of tropical montane endemism from warming and upslope displacement},
	doi = {10.1111/j.1365-2486.2008.01596.x},
	language = {en},
	number = {8},
	journal = {Global Change Biology},
	author = {Raxworthy, Christopher J. and Pearson, Richard G. and Rabibisoa, Nirhy and Rakotondrazafy, Andry M. and Ramanamanjato, Jean-Baptiste and Raselimanana, Achille P. and Wu, Shenghai and Nussbaum, Ronald A. and Stone, Dáithí A.},
	month = aug,
	year = {2008},
	keywords = {amphibia, conservation, distribution, elevation shifts, Endemism, extinction, Global warming, Madagascar, reptilia},
	pages = {1703--1720},
}
@article{peh_potential_2007,
	title = {Potential {Effects} of {Climate} {Change} on {Elevational} {Distributions} of {Tropical} {Birds} in {Southeast} {Asia}},
	volume = {109},
	issn = {0010-5422},
	number = {2},
	journal = {The Condor},
	author = {Peh, Kelvin S. -H.},
	year = {2007},
	pages = {437--441},
}
@article{hijmans_very_2005,
	title = {Very high resolution interpolated climate surfaces for global land areas},
	volume = {25},
	issn = {1097-0088},
	doi = {10.1002/joc.1276},
	language = {en},
	number = {15},
	journal = {International Journal of Climatology},
	author = {Hijmans, Robert J. and Cameron, Susan E. and Parra, Juan L. and Jones, Peter G. and Jarvis, Andy},
	month = dec,
	year = {2005},
	keywords = {GIS, Precipitation, Uncertainty, ANUSPLIN, error, interpolation, climate, Temperature},
	pages = {1965--1978},
}
@article{hobbs_movers_2018,
	title = {Movers and {Stayers}: {Novel} {Assemblages} in {Changing} {Environments}},
	volume = {33},
	issn = {0169-5347},
	shorttitle = {Movers and {Stayers}},
	doi = {10.1016/j.tree.2017.11.001},
	number = {2},
	journal = {Trends in Ecology \& Evolution},
	author = {Hobbs, Richard J. and Valentine, Leonie E. and Standish, Rachel J. and Jackson, Stephen T.},
	month = feb,
	year = {2018},
	keywords = {range shifts, species persistence, novel assemblages, place-based conservation},
	pages = {116--128},
}
@article{tucker_moving_2018,
	title = {Moving in the {Anthropocene}: {Global} reductions in terrestrial mammalian movements},
	volume = {359},
	issn = {0036-8075, 1095-9203},
	shorttitle = {Moving in the {Anthropocene}},
	doi = {10.1126/science.aam9712},
	language = {en},
	number = {6374},
	journal = {Science},
	author = {Tucker, Marlee A. and Böhning-Gaese, Katrin and Fagan, William F. and Fryxell, John M. and Moorter, Bram Van and Alberts, Susan C. and Ali, Abdullahi H. and Allen, Andrew M. and Attias, Nina and Avgar, Tal and Bartlam-Brooks, Hattie and Bayarbaatar, Buuveibaatar and Belant, Jerrold L. and Bertassoni, Alessandra and Beyer, Dean and Bidner, Laura and Beest, Floris M. van and Blake, Stephen and Blaum, Niels and Bracis, Chloe and Brown, Danielle and Bruyn, P. J. Nico de and Cagnacci, Francesca and Calabrese, Justin M. and Camilo-Alves, Constança and Chamaillé-Jammes, Simon and Chiaradia, Andre and Davidson, Sarah C. and Dennis, Todd and DeStefano, Stephen and Diefenbach, Duane and Douglas-Hamilton, Iain and Fennessy, Julian and Fichtel, Claudia and Fiedler, Wolfgang and Fischer, Christina and Fischhoff, Ilya and Fleming, Christen H. and Ford, Adam T. and Fritz, Susanne A. and Gehr, Benedikt and Goheen, Jacob R. and Gurarie, Eliezer and Hebblewhite, Mark and Heurich, Marco and Hewison, A. J. Mark and Hof, Christian and Hurme, Edward and Isbell, Lynne A. and Janssen, René and Jeltsch, Florian and Kaczensky, Petra and Kane, Adam and Kappeler, Peter M. and Kauffman, Matthew and Kays, Roland and Kimuyu, Duncan and Koch, Flavia and Kranstauber, Bart and LaPoint, Scott and Leimgruber, Peter and Linnell, John D. C. and López-López, Pascual and Markham, A. Catherine and Mattisson, Jenny and Medici, Emilia Patricia and Mellone, Ugo and Merrill, Evelyn and Mourão, Guilherme de Miranda and Morato, Ronaldo G. and Morellet, Nicolas and Morrison, Thomas A. and Díaz-Muñoz, Samuel L. and Mysterud, Atle and Nandintsetseg, Dejid and Nathan, Ran and Niamir, Aidin and Odden, John and O’Hara, Robert B. and Oliveira-Santos, Luiz Gustavo R. and Olson, Kirk A. and Patterson, Bruce D. and Paula, Rogerio Cunha de and Pedrotti, Luca and Reineking, Björn and Rimmler, Martin and Rogers, Tracey L. and Rolandsen, Christer Moe and Rosenberry, Christopher S. and Rubenstein, Daniel I. and Safi, Kamran and Saïd, Sonia and Sapir, Nir and Sawyer, Hall and Schmidt, Niels Martin and Selva, Nuria and Sergiel, Agnieszka and Shiilegdamba, Enkhtuvshin and Silva, João Paulo and Singh, Navinder and Solberg, Erling J. and Spiegel, Orr and Strand, Olav and Sundaresan, Siva and Ullmann, Wiebke and Voigt, Ulrich and Wall, Jake and Wattles, David and Wikelski, Martin and Wilmers, Christopher C. and Wilson, John W. and Wittemyer, George and Zięba, Filip and Zwijacz-Kozica, Tomasz and Mueller, Thomas},
	month = jan,
	year = {2018},
	pmid = {29371471},
	pages = {466--469},
}
@article{hijmans_ability_2006,
	title = {The ability of climate envelope models to predict the effect of climate change on species distributions},
	volume = {12},
	issn = {1365-2486},
	doi = {10.1111/j.1365-2486.2006.01256.x},
	language = {en},
	number = {12},
	journal = {Global Change Biology},
	author = {Hijmans, Robert J. and Graham, Catherine H.},
	month = dec,
	year = {2006},
	keywords = {Climate change, MaxEnt, species distributions, GAM, BIOCLIM, domain, envelope models},
	pages = {2272--2281},
}
@article{calabrese_comparison-shoppers_2004,
	title = {A comparison-shopper's guide to connectivity metrics},
	volume = {2},
	issn = {1540-9309},
	doi = {10.1890/1540-9295(2004)002[0529:ACGTCM]2.0.CO;2},
	language = {en},
	number = {10},
	journal = {Frontiers in Ecology and the Environment},
	author = {Calabrese, Justin M. and Fagan, William F.},
	month = dec,
	year = {2004},
	pages = {529--536},
}
@article{brodie_evaluating_2015,
	title = {Evaluating multispecies landscape connectivity in a threatened tropical mammal community},
	volume = {29},
	issn = {1523-1739},
	doi = {10.1111/cobi.12337},
	language = {en},
	number = {1},
	journal = {Conservation Biology},
	author = {Brodie, Jedediah F. and Giordano, Anthony J. and Dickson, Brett and Hebblewhite, Mark and Bernard, Henry and Mohd-Azlan, Jayasilan and Anderson, Jesse and Ambu, Laurentius},
	month = feb,
	year = {2015},
	keywords = {Logging, Fragmentation, tala, dispersión, fragmentación, animal movement, movimiento animal, habitat corridor, multispecies conservation, conservación multiespecie, corredor de hábitats, Corazón de Borneo, Heart of Borneo, Borneo, Dispersal},
	pages = {122--132},
}
@article{mcguire_achieving_2016,
	title = {Achieving climate connectivity in a fragmented landscape},
	volume = {113},
	issn = {0027-8424, 1091-6490},
	doi = {10.1073/pnas.1602817113},
	language = {en},
	number = {26},
	journal = {Proceedings of the National Academy of Sciences},
	author = {McGuire, Jenny L. and Lawler, Joshua J. and McRae, Brad H. and Theobald, David M.},
	month = jun,
	year = {2016},
	pmid = {27298349},
	keywords = {Climate change, corridors, climate connectivity, habitat fragmentation},
	pages = {7195--7200},
}
@article{littlefield_connecting_2017,
	author = {Caitlin E. Littlefield and Brad H. McRae and Julia L. Michalak and Joshua J. Lawler and Carlos Carroll},
	year = {2017},
	title = {Connecting today's climates to future climate analogs to facilitate movement of species under climate change},
	journal = {Conservation Biology},
	volume = {31},
	number = {6},
	pages = {1397-1408},
	keywords = {climate analogs, climate‐change adaptation, connectivity, dispersal, adaptación al cambio climático, análogos climáticos, conectividad, dispersión},
	doi = {10.1111/cobi.12938},
	eprint = {https://onlinelibrary.wiley.com/doi/pdf/10.1111/cobi.12938}
}
@article{davis_range_2001,
	title = {Range {Shifts} and {Adaptive} {Responses} to {Quaternary} {Climate} {Change}},
	volume = {292},
	issn = {0036-8075, 1095-9203},
	doi = {10.1126/science.292.5517.673},
	language = {en},
	number = {5517},
	journal = {Science},
	author = {Davis, Margaret B. and Shaw, Ruth G.},
	month = apr,
	year = {2001},
	pmid = {11326089},
	pages = {673--679},
}
@article{heller_biodiversity_2009,
	title = {Biodiversity management in the face of climate change: {A} review of 22 years of recommendations},
	volume = {142},
	issn = {0006-3207},
	shorttitle = {Biodiversity management in the face of climate change},
	doi = {10.1016/j.biocon.2008.10.006},
	number = {1},
	journal = {Biological Conservation},
	author = {Heller, Nicole E. and Zavaleta, Erika S.},
	month = jan,
	year = {2009},
	keywords = {resilience, Global warming, Landscape connectivity, Reserve planning, adaptation, conservation},
	pages = {14--32},
}
@article{sanchez-azofeifa_twenty-first_2017,
	title = {Twenty-first century remote sensing technologies are revolutionizing the study of tropical forests},
	issn = {1744-7429},
	doi = {10.1111/btp.12454},
	language = {en},
	journal = {Biotropica},
	author = {Sanchez-Azofeifa, Arturo and Antonio Guzmán, Jose and Campos, Carlos A. and Castro, Saulo and Garcia-Millan, Virginia and Nightingale, Joanne and Rankine, Cassidy},
	year = {2017},
	keywords = {LIDAR, hyperspectral remote sensing, multispectral remote sensing, near-surface remote sensing, wireless sensor networks},
	pages = {1--16},
}
@article{martensen_spatio-temporal_2017,
	author = {Alexandre Camargo Martensen and Santiago Saura and Marie‐Josee Fortin and Nicolas Lecomte},
	year = {2017},
	title = {Spatio‐temporal connectivity: assessing the amount of reachable habitat in dynamic landscapes},
	journal = {Methods in Ecology and Evolution},
	volume = {8},
	number = {10},
	pages = {1253-1264},
	keywords = {biodiversity conservation, connectivity metrics, ecological networks, graph theory, habitat amount and configuration, landscape network dynamics, network theory, spatial dynamics, species dispersal ability, stepping‐stones},
	doi = {10.1111/2041-210X.12799},
	eprint = {https://besjournals.onlinelibrary.wiley.com/doi/pdf/10.1111/2041-210X.12799}
}
@article{cosgrove_consequences_2018,
}
@article{corlett_climate_2012,
	title = {Climate change in the tropics: The end of the world as we know it?},
	journal = {Biological Conservation},
	volume = {151},
	number = {1},
	pages = {22 - 25},
	year = {2012},
	issn = {0006-3207},
	doi = {https://doi.org/10.1016/j.biocon.2011.11.027},
	author = {Richard T. Corlett},
	keywords = {Global warming, Greenhouse effect, Tropical ecology, Novel ecosystems}
}
@article {senior_tropical_2018,
	author = {Senior, Rebecca A. and Hill, Jane K. and Benedick, Suzan and Edwards, David P.},
	title = {Tropical forests are thermally buffered despite intensive selective logging},
	journal = {Global Change Biology},
	volume = {24},
	number = {3},
	issn = {1365-2486},
	doi = {10.1111/gcb.13914},
	pages = {1267--1278},
	keywords = {climate change, land-use change, microclimate, microhabitat, selective logging, thermal buffering, thermal camera, tropics},
	year = {2018},
}
@article{balmford_economic_2002,
	title = {Economic reasons for conserving wild nature},
	volume = {297},
	number = {5583},
	journal = {science},
	author = {Balmford, A. and Bruner, A. and Cooper, P. and Costanza, R. and Farber, S. and Green, R. E. and Jenkins, M. and Jefferiss, P. and Jessamy, V. and Madden, J.},
	year = {2002},
	pages = {950--953},
}
@article{costanza_value_1997,
	title = {The value of the world's ecosystem services and natural capital},
	volume = {387},
	journal = {Nature},
	author = {Costanza, Robert and d'Arge, Ralph and de Groot, Rudolf and Farber, Stephen and Grasso, Monica and Hannon, Bruce and Limburg, Karin and Naeem, Shahid and O'Neill, Robert V. and Paruelo, Jose and Raskin, Robert G. and Sutton, Paul and van den Belt, Marjan},
	month = may,
	year = {1997},
	pages = {253},
}
@article{butchart_global_2010,
	title = {Global {Biodiversity}: {Indicators} of {Recent} {Declines}},
	volume = {328},
	issn = {0036-8075, 1095-9203},
	shorttitle = {Global {Biodiversity}},
	doi = {10.1126/science.1187512},
	language = {en},
	number = {5982},
	journal = {Science},
	author = {Butchart, Stuart H. M. and Walpole, Matt and Collen, Ben and Strien, Arco van and Scharlemann, Jörn P. W. and Almond, Rosamunde E. A. and Baillie, Jonathan E. M. and Bomhard, Bastian and Brown, Claire and Bruno, John and Carpenter, Kent E. and Carr, Geneviève M. and Chanson, Janice and Chenery, Anna M. and Csirke, Jorge and Davidson, Nick C. and Dentener, Frank and Foster, Matt and Galli, Alessandro and Galloway, James N. and Genovesi, Piero and Gregory, Richard D. and Hockings, Marc and Kapos, Valerie and Lamarque, Jean-Francois and Leverington, Fiona and Loh, Jonathan and McGeoch, Melodie A. and McRae, Louise and Minasyan, Anahit and Morcillo, Monica Hernández and Oldfield, Thomasina E. E. and Pauly, Daniel and Quader, Suhel and Revenga, Carmen and Sauer, John R. and Skolnik, Benjamin and Spear, Dian and Stanwell-Smith, Damon and Stuart, Simon N. and Symes, Andy and Tierney, Megan and Tyrrell, Tristan D. and Vié, Jean-Christophe and Watson, Reg},
	month = may,
	year = {2010},
	pages = {1164--1168},
}
@article{williams_towards_2008,
	title = {Towards an {Integrated} {Framework} for {Assessing} the {Vulnerability} of {Species} to {Climate} {Change}},
	volume = {6},
	issn = {1544-9173},
	doi = {10.1371/journal.pbio.0060325},
	number = {12},
	journal = {PLoS Biology},
	author = {Williams, Stephen E and Shoo, Luke P and Isaac, Joanne L and Hoffmann, Ary A and Langham, Gary},
	month = dec,
	year = {2008},
	pmid = {19108608},
	pmcid = {PMC2605927},
}
@article{laurance_impacts_2009,
	title = {Impacts of roads and linear clearings on tropical forests},
	volume = {24},
	issn = {0169-5347},
	doi = {10.1016/j.tree.2009.06.009},
	language = {eng},
	number = {12},
	journal = {Trends in Ecology \& Evolution},
	author = {Laurance, William F. and Goosem, Miriam and Laurance, Susan G. W.},
	month = dec,
	year = {2009},
	pmid = {19748151},
	keywords = {Forestry, Animals, Animal Migration, Transportation, Ecosystem, trees},
	pages = {659--669},
}
@article{mace_whose_2014,
	title = {Whose conservation?},
	volume = {345},
	issn = {0036-8075, 1095-9203},
	doi = {10.1126/science.1254704},
	language = {en},
	number = {6204},
	journal = {Science},
	author = {Mace, Georgina M.},
	month = sep,
	year = {2014},
	pmid = {25258063},
	pages = {1558--1560},
}
@article{rockstrom_safe_2009,
	title = {A safe operating space for humanity},
	volume = {461},
	issn = {0028-0836},
	doi = {10.1038/461472a},
	language = {en},
	number = {7263},
	journal = {Nature},
	author = {Rockström, Johan and Steffen, Will and Noone, Kevin and Persson, Åsa and Chapin, F. Stuart and Lambin, Eric F. and Lenton, Timothy M. and Scheffer, Marten and Folke, Carl and Schellnhuber, Hans Joachim and Nykvist, Björn and de Wit, Cynthia A. and Hughes, Terry and van der Leeuw, Sander and Rodhe, Henning and Sörlin, Sverker and Snyder, Peter K. and Costanza, Robert and Svedin, Uno and Falkenmark, Malin and Karlberg, Louise and Corell, Robert W. and Fabry, Victoria J. and Hansen, James and Walker, Brian and Liverman, Diana and Richardson, Katherine and Crutzen, Paul and Foley, Jonathan A.},
	month = sep,
	year = {2009},
	pages = {472--475},
}
@article{pfeifer_creation_2017,
	title = {Creation of forest edges has a global impact on forest vertebrates},
	volume = {551},
	journal = {Nature},
	author = {Pfeifer, M. and Lefebvre, V. and Peres, C. A. and Banks-Leite, C. and Wearn, O. R. and Marsh, C. J. and Butchart, S. H. M. and Arroyo-Rodríguez, V. and Barlow, J. and Cerezo, A. and Cisneros, L. and D’Cruze, N. and Faria, D. and Hadley, A. and Harris, S. M. and Klingbeil, B. T. and Kormann, U. and Lens, L. and Medina-Rangel, G. F. and Morante-Filho, J. C. and Olivier, P. and Peters, S. L. and Pidgeon, A. and Ribeiro, D. B. and Scherber, C. and Schneider-Maunoury, L. and Struebig, M. and Urbina-Cardona, N. and Watling, J. I. and Willig, M. R. and Wood, E. M. and Ewers, R. M.},
	month = nov,
	year = {2017},
	pages = {187},
}
@article{corlett_impacts_2011,
	title = {Impacts of warming on tropical lowland rainforests},
	volume = {26},
	issn = {0169-5347},
	doi = {10.1016/j.tree.2011.06.015},
	number = {11},
	journal = {Trends in Ecology \& Evolution},
	author = {Corlett, Richard T.},
	month = nov,
	year = {2011},
	pages = {606--613},
}
@article{oliver_declining_2015,
	title = {Declining resilience of ecosystem functions under biodiversity loss},
	volume = {6},
	issn = {2041-1723},
	doi = {10.1038/ncomms10122},
	language = {en},
	journal = {Nature Communications},
	author = {Oliver, Tom H. and Isaac, Nick J. B. and August, Tom A. and Woodcock, Ben A. and Roy, David B. and Bullock, James M.},
	month = dec,
	year = {2015},
	pages = {10122},
}
@article{joppa_biodiversity_2011,
	title = {Biodiversity hotspots house most undiscovered plant species},
	volume = {108},
	issn = {0027-8424, 1091-6490},
	doi = {10.1073/pnas.1109389108},
	language = {en},
	number = {32},
	journal = {Proceedings of the National Academy of Sciences},
	author = {Joppa, Lucas N. and Roberts, David L. and Myers, Norman and Pimm, Stuart L.},
	month = aug,
	year = {2011},
	pmid = {21730155},
	keywords = {angiosperm, global priorities, species discovery},
	pages = {13171--13176},
}
@article{scheffers_what_2012,
	title = {What we know and don’t know about {Earth}'s missing biodiversity},
	volume = {27},
	issn = {0169-5347},
	doi = {10.1016/j.tree.2012.05.008},
	number = {9},
	journal = {Trends in Ecology \& Evolution},
	author = {Scheffers, Brett R. and Joppa, Lucas N. and Pimm, Stuart L. and Laurance, William F.},
	month = sep,
	year = {2012},
	pages = {501--510},
}
@article{scheffers_tropical_2018,
	year = {2018},
	author = {Brett R Scheffers and Stephen E Williams},
	title = {Tropical mountain passes are out of reach – but not for arboreal species},
	journal = {Frontiers in Ecology and the Environment},
	volume = {16},
	number = {2},
	pages = {101-108},
	doi = {10.1002/fee.1764},
	eprint = {https://esajournals.onlinelibrary.wiley.com/doi/pdf/10.1002/fee.1764},
}
@article{maclean_microclimates_2015,
	author = {Ilya M. D. Maclean and John J. Hopkins and Jonathan Bennie and Callum R. Lawson and Robert J. Wilson},
	title = {Microclimates buffer the responses of plant communities to climate change},
	year = {2015},
	journal = {Global Ecology and Biogeography},
	volume = {24},
	number = {11},
	pages = {1340-1350},
	keywords = {Biodiversity conservation, distribution change, global warming, microrefugia, redistribution, slope and aspect, topoclimate, topography},
	doi = {10.1111/geb.12359},
	eprint = {https://onlinelibrary.wiley.com/doi/pdf/10.1111/geb.12359},
}
@article{maclean_fine-scale_2017,
	author = {Ilya M. D. Maclean and Andrew J. Suggitt and Robert J. Wilson and James P. Duffy and Jonathan J. Bennie},
	title = {Fine‐scale climate change: modelling spatial variation in biologically meaningful rates of warming},
	year = {2017},
	journal = {Global Change Biology},
	volume = {23},
	number = {1},
	pages = {256-268},
	keywords = {climate change, cryptic refugia, landscape, microclimate, microrefugia, species distributions, topoclimate},
	doi = {10.1111/gcb.13343},
	eprint = {https://onlinelibrary.wiley.com/doi/pdf/10.1111/gcb.13343},
}
@article{scheffers_vertical_2017,
	author = {Brett. R. Scheffers and Luke Shoo and Ben Phillips and Stewart L. Macdonald and Alex Anderson and Jeremy VanDerWal and Collin Storlie and Arnaud Gourret and Stephen E. Williams and Adam Algar},
	title = {Vertical (arboreality) and horizontal (dispersal) movement increase the resilience of vertebrates to climatic instability},
	journal = {Global Ecology and Biogeography},
	year = {2017},
	volume = {26},
	number = {7},
	pages = {787-798},
	keywords = {biogeography, canopy, canopy‐dwelling, climate change, dispersal syndrome, physiology, temperature gradient, topographic barrier, tree living},
	doi = {10.1111/geb.12585},
	eprint = {https://onlinelibrary.wiley.com/doi/pdf/10.1111/geb.12585},
}
@article{rigby_generalized_2005,
	title = {Generalized additive models for location, scale and shape},
	volume = {54},
	issn = {0035-9254},
	doi = {10.1111/j.1467-9876.2005.00510.x},
	number = {3},
	journal = {Journal of the Royal Statistical Society: Series C (Applied Statistics)},
	author = {Rigby, R. A. and Stasinopoulos, D. M.},
	month = apr,
	year = {2005},
	keywords = {Beta–binomial distribution, Box–Cox transformation, Centile estimation, Cubic smoothing splines, Generalized linear mixed model, LMS method, Negative binomial distribution, Non‐normality, Nonparametric models, Overdispersion, Penalized likelihood, Random effects, Skewness and kurtosis},
	pages = {507--554},
}
@article{ospina_general_2012,
	title = {A general class of zero-or-one inflated beta regression models},
	volume = {56},
	issn = {0167-9473},
	doi = {10.1016/j.csda.2011.10.005},
	number = {6},
	journal = {Computational Statistics \& Data Analysis},
	author = {Ospina, Raydonal and Ferrari, Silvia L. P.},
	month = jun,
	year = {2012},
	keywords = {Continuous proportions, Diagnostics, Fractional data, Maximum likelihood estimation, Residuals, Zero-or-one inflated beta distribution},
	pages = {1609--1623},
}
@article{schloss_dispersal_2012,
	title = {Dispersal will limit ability of mammals to track climate change in the {Western} {Hemisphere}},
	volume = {109},
	issn = {0027-8424, 1091-6490},
	doi = {10.1073/pnas.1116791109},
	language = {en},
	number = {22},
	journal = {Proceedings of the National Academy of Sciences},
	author = {Schloss, Carrie A. and Nu{\~n}ez, Tristan A. and Lawler, Joshua J.},
	month = may,
	year = {2012},
	pmid = {22586104},
	pages = {8606--8611},
}
@article{taubert_global_2018,
	title = {Global patterns of tropical forest fragmentation},
	issn = {1476-4687},
	doi = {10.1038/nature25508},
	language = {en},
	journal = {Nature},
	author = {Taubert, Franziska and Fischer, Rico and Groeneveld, Jürgen and Lehmann, Sebastian and Müller, Michael S. and Rödig, Edna and Wiegand, Thorsten and Huth, Andreas},
	month = feb,
	year = {2018},
}
@article{pacifici_framework_2018,
}
@article{driscoll_conceptual_2013,
	title = {Conceptual domain of the matrix in fragmented landscapes},
	volume = {28},
	issn = {0169-5347},
	doi = {10.1016/j.tree.2013.06.010},
	number = {10},
	journal = {Trends in Ecology \& Evolution},
	author = {Driscoll, Don A. and Banks, Sam C. and Barton, Philip S. and Lindenmayer, David B. and Smith, Annabel L.},
	month = oct,
	year = {2013},
	pages = {605--613},
}
@article{pacifici_assessing_2015,
	title = {Assessing species vulnerability to climate change},
	volume = {5},
	issn = {1758-678X},
	doi = {10.1038/nclimate2448},
	language = {en},
	number = {3},
	journal = {Nature Climate Change},
	author = {Pacifici, Michela and Foden, Wendy B. and Visconti, Piero and Watson, James E. M. and Butchart, Stuart H. M. and Kovacs, Kit M. and Scheffers, Brett R. and Hole, David G. and Martin, Tara G. and Akçakaya, H. Resit and Corlett, Richard T. and Huntley, Brian and Bickford, David and Carr, Jamie A. and Hoffmann, Ary A. and Midgley, Guy F. and Pearce-Kelly, Paul and Pearson, Richard G. and Williams, Stephen E. and Willis, Stephen G. and Young, Bruce and Rondinini, Carlo},
	month = mar,
	year = {2015},
	keywords = {Climate-change ecology},
	pages = {215--224},
}
@article{haddad_habitat_2015,
	author = {Haddad, Nick M. and Brudvig, Lars A. and Clobert, Jean and Davies, Kendi F. and Gonzalez, Andrew and Holt, Robert D. and Lovejoy, Thomas E. and Sexton, Joseph O. and Austin, Mike P. and Collins, Cathy D. and Cook, William M. and Damschen, Ellen I. and Ewers, Robert M. and Foster, Bryan L. and Jenkins, Clinton N. and King, Andrew J. and Laurance, William F. and Levey, Douglas J. and Margules, Chris R. and Melbourne, Brett A. and Nicholls, A. O. and Orrock, John L. and Song, Dan-Xia and Townshend, John R.},
	title = {Habitat fragmentation and its lasting impact on {E}arth's ecosystems},
	volume = {1},
	number = {2},
	year = {2015},
	doi = {10.1126/sciadv.1500052},
	publisher = {American Association for the Advancement of Science},
	URL = {http://advances.sciencemag.org/content/1/2/e1500052},
	eprint = {http://advances.sciencemag.org/content/1/2/e1500052.full.pdf},
	journal = {Science Advances}
}
@article{crooks_quantification_2017,
	title = {Quantification of habitat fragmentation reveals extinction risk in terrestrial mammals},
	volume = {114},
	issn = {0027-8424, 1091-6490},
	doi = {10.1073/pnas.1705769114},
	language = {en},
	number = {29},
	journal = {Proceedings of the National Academy of Sciences},
	author = {Crooks, Kevin R. and Burdett, Christopher L. and Theobald, David M. and King, Sarah R. B. and Marco, Moreno Di and Rondinini, Carlo and Boitani, Luigi},
	month = jul,
	year = {2017},
	pmid = {28673992},
	keywords = {conservation, habitat fragmentation, mammals, extinction risk},
	pages = {7635--7640},
}
@article{foden_identifying_2013,
	title = {Identifying the {World}'s {Most} {Climate} {Change} {Vulnerable} {Species}: {A} {Systematic} {Trait}-{Based} {Assessment} of all {Birds}, {Amphibians} and {Corals}},
	volume = {8},
	issn = {1932-6203},
	shorttitle = {Identifying the {World}'s {Most} {Climate} {Change} {Vulnerable} {Species}},
	doi = {10.1371/journal.pone.0065427},
	language = {en},
	number = {6},
	journal = {PLOS ONE},
	author = {Foden, Wendy B. and Butchart, Stuart H. M. and Stuart, Simon N. and Vié, Jean-Christophe and Akçakaya, H. Resit and Angulo, Ariadne and DeVantier, Lyndon M. and Gutsche, Alexander and Turak, Emre and Cao, Long and Donner, Simon D. and Katariya, Vineet and Bernard, Rodolphe and Holland, Robert A. and Hughes, Adrian F. and O’Hanlon, Susannah E. and Garnett, Stephen T. and Şekercioğlu, Çagan H. and Mace, Georgina M.},
	month = jun,
	year = {2013},
	keywords = {Amphibians, Birds, Climate change, Corals, Invasive species, Species diversity, Species extinction, Taxonomy},
	pages = {e65427},
}
@article{aide_deforestation_2013,
	title = {Deforestation and {Reforestation} of {Latin} {America} and the {Caribbean} (2001–2010)},
	volume = {45},
	issn = {0006-3606},
	doi = {10.1111/j.1744-7429.2012.00908.x},
	number = {2},
	journal = {Biotropica},
	author = {T. Mitchell Aide and Matthew L. Clark and H. Ricardo Grau and David López‐Carr and Marc A. Levy and Daniel Redo and Martha Bonilla‐Moheno and George Riner and María J. Andrade‐Núñez and María Muñiz},
	month = aug,
	year = {2013},
	pages = {262--271},
}
@article{lees_conservation_2008,
	title = {Conservation {Value} of {Remnant} {Riparian} {Forest} {Corridors} of {Varying} {Quality} for {Amazonian} {Birds} and {Mammals}},
	volume = {22},
	issn = {1523-1739},
	doi = {10.1111/j.1523-1739.2007.00870.x},
	language = {en, es},
	number = {2},
	journal = {Conservation Biology},
	author = {Lees, Alexander C. and Peres, Carlos A.},
	month = apr,
	year = {2008},
	pages = {439--449},
}
@article{early_analysis_2011,
	title = {Analysis of climate paths reveals potential limitations on species range shifts},
	volume = {14},
	issn = {1461-0248},
	doi = {10.1111/j.1461-0248.2011.01681.x},
	language = {en},
	number = {11},
	journal = {Ecology Letters},
	author = {Early, Regan and Sax, Dov F.},
	month = nov,
	year = {2011},
	keywords = {Anura, assisted migration, climate variability, Dispersal, fundamental and realised niche, Landscape Ecology, population persistence, salamander, Translocation},
	pages = {1125--1133},
}
@article{socolar_phenological_2017,
	author = {Socolar, Jacob B. and Epanchin, Peter N. and Beissinger, Steven R. and Tingley, Morgan W.},
	title = {Phenological shifts conserve thermal niches in North American birds and reshape expectations for climate-driven range shifts},
	volume = {114},
	number = {49},
	pages = {12976--12981},
	year = {2017},
	doi = {10.1073/pnas.1705897114},
	publisher = {National Academy of Sciences},
	issn = {0027-8424},
	URL = {http://www.pnas.org/content/114/49/12976},
	eprint = {http://www.pnas.org/content/114/49/12976.full.pdf},
	journal = {Proceedings of the National Academy of Sciences}
}
@article{lawler_projected_2013,
	title = {Projected climate-driven faunal movement routes},
	volume = {16},
	issn = {1461-0248},
	doi = {10.1111/ele.12132},
	language = {en},
	number = {8},
	journal = {Ecology Letters},
	author = {Lawler, J. J. and Ruesch, A. S. and Olden, J. D. and McRae, B. H.},
	month = aug,
	year = {2013},
	keywords = {Climate change, Birds, mammals, Movement, Amphibians, connectivity, range shifts, corridors},
	pages = {1014--1022},
}
@article{thomas_ecological_2001,
	title = {Ecological and evolutionary processes at expanding range margins},
	volume = {411},
	issn = {0028-0836},
	doi = {10.1038/35079066},
	language = {en},
	number = {6837},
	journal = {Nature},
	author = {Thomas, C. D. and Bodsworth, E. J. and Wilson, R. J. and Simmons, A. D. and Davies, Z. G. and Musche, M. and Conradt, L.},
	month = may,
	year = {2001},
	pages = {577--581},
}
@article{hoffmann_upper_2013,
	title = {Upper thermal limits in terrestrial ectotherms: how constrained are they?},
	volume = {27},
	issn = {1365-2435},
	shorttitle = {Upper thermal limits in terrestrial ectotherms},
	doi = {10.1111/j.1365-2435.2012.02036.x},
	language = {en},
	number = {4},
	journal = {Functional Ecology},
	author = {Hoffmann, Ary A. and Chown, Steven L. and Clusella-Trullas, Susana},
	month = aug,
	year = {2013},
	keywords = {insects, comparative analysis, plasticity, upper thermal limit, hardening, adaptation, evolution},
	pages = {934--949},
}
@article{hill_flight_1999,
	title = {Flight morphology in fragmented populations of a rare {British} butterfly, {Hesperia} comma},
	volume = {87},
	issn = {0006-3207},
	doi = {10.1016/S0006-3207(98)00091-3},
	number = {3},
	journal = {Biological Conservation},
	author = {Hill, J. K and Thomas, C. D and Lewis, O. T},
	month = mar,
	year = {1999},
	keywords = {Colonisation, Dispersal, Distribution, Isolation, Metapopulation},
	pages = {277--283},
}
@article{stewart_refugia_2010,
	title = {Refugia revisited: individualistic responses of species in space and time},
	volume = {277},
	issn = {0962-8452, 1471-2954},
	shorttitle = {Refugia revisited},
	doi = {10.1098/rspb.2009.1272},
	language = {en},
	number = {1682},
	journal = {Proceedings of the Royal Society of London B: Biological Sciences},
	author = {Stewart, John R. and Lister, Adrian M. and Barnes, Ian and Dalén, Love},
	month = mar,
	year = {2010},
	pmid = {19864280},
	pages = {661--671},
}
@article{tilman_global_2011,
	title = {Global food demand and the sustainable intensification of agriculture},
	issn = {0027-8424, 1091-6490},
	doi = {10.1073/pnas.1116437108},
	language = {en},
	journal = {Proceedings of the National Academy of Sciences},
	author = {Tilman, David and Balzer, Christian and Hill, Jason and Befort, Belinda L.},
	month = nov,
	year = {2011},
	keywords = {Climate change, land-use change, Biodiversity, food security, soil fertility},
}
@article{mittermeier_wilderness_2003,
	title = {Wilderness and biodiversity conservation},
	volume = {100},
	issn = {0027-8424, 1091-6490},
	doi = {10.1073/pnas.1732458100},
	language = {en},
	number = {18},
	journal = {Proceedings of the National Academy of Sciences},
	author = {Mittermeier, R. A. and Mittermeier, C. G. and Brooks, T. M. and Pilgrim, J. D. and Konstant, W. R. and Fonseca, G. A. B. da and Kormos, C.},
	month = sep,
	year = {2003},
	pmid = {12930898},
	pages = {10309--10313},
}
@article{brito-morales_climate_2018,
	title = {Climate {Velocity} {Can} {Inform} {Conservation} in a {Warming} {World}},
	volume = {33},
	issn = {0169-5347},
	doi = {10.1016/j.tree.2018.03.009},
	number = {6},
	journal = {Trends in Ecology \& Evolution},
	author = {Brito-Morales, Isaac and García Molinos, Jorge and Schoeman, David S. and Burrows, Michael T. and Poloczanska, Elvira S. and Brown, Christopher J. and Ferrier, Simon and Harwood, Tom D. and Klein, Carissa J. and McDonald-Madden, Eve and Moore, Pippa J. and Pandolfi, John M. and Watson, James E.M. and Wenger, Amelia S. and Richardson, Anthony J.},
	month = jun,
	year = {2018},
	pages = {441--457},
}
@article{fick_worldclim_2017,
	title = {{WorldClim} 2: {N}ew 1-km spatial resolution climate surfaces for global land areas},
	volume = {37},
	issn = {1097-0088},
	shorttitle = {{WorldClim} 2},
	doi = {10.1002/joc.5086},
	language = {en},
	number = {12},
	journal = {International Journal of Climatology},
	author = {Fick, Stephen E. and Hijmans, Robert J.},
	month = oct,
	year = {2017},
	keywords = {WorldClim, interpolation, MODIS, climate surfaces, cloud cover, land surface temperature, solar radiation, vapour pressure, wind speed},
	pages = {4302--4315},
}
@article{schumaker_using_1996,
	title = {Using {Landscape} {Indices} to {Predict} {Habitat} {Connectivity}},
	volume = {77},
	issn = {00129658},
	doi = {10.2307/2265590},
	language = {en},
	number = {4},
	journal = {Ecology},
	author = {Schumaker, Nathan H.},
	month = jun,
	year = {1996},
	pages = {1210--1225},
}
@article{mcalpine_forest_2018,
	title = {Forest loss and {Borneo}’s climate},
	journal = {Environmental Research Letters},
	author = {McAlpine, Clive Alexander and Johnson, Alexander and Salazar, Alvaro and Syktus, Jozef I. and Wilson, Kerrie and Meijaard, Erik and Seabrook, Leonie M. and Dargusch, Paul and Nordin, Haziq and Sheil, Douglas},
	year = {2018},
}
@article{elsen_global_2018,
	title = {Global patterns of protection of elevational gradients in mountain ranges},
	volume = {115},
	issn = {0027-8424, 1091-6490},
	doi = {10.1073/pnas.1720141115},
	language = {en},
	number = {23},
	journal = {Proceedings of the National Academy of Sciences},
	author = {Elsen, Paul R. and Monahan, William B. and Merenlender, Adina M.},
	month = jun,
	year = {2018},
	pmid = {29784825},
	keywords = {protected areas, conservation planning, climate change, biodiversity, Aichi Target 11},
	pages = {6004--6009},
}
@article{sanford_climate_2014,
	title = {The climate policy narrative for a dangerously warming world},
	volume = {4},
	issn = {1758-678X, 1758-6798},
	doi = {10.1038/nclimate2148},
	language = {en},
	number = {3},
	journal = {Nature Climate Change},
	author = {Sanford, Todd and Frumhoff, Peter C. and Luers, Amy and Gulledge, Jay},
	month = mar,
	year = {2014},
	pages = {164--166},
}
@article{walsh_ecoclimatology_1999,
	title = {The ecoclimatology of {Danum}, {Sabah}, in the context of the world's rainforest regions, with particular reference to dry periods and their impact},
	volume = {354},
	issn = {0962-8436, 1471-2970},
	doi = {10.1098/rstb.1999.0528},
	language = {en},
	number = {1391},
	journal = {Philosophical Transactions of the Royal Society of London B: Biological Sciences},
	author = {Walsh, R. P. D. and Newbery, D. M.},
	month = nov,
	year = {1999},
	pmid = {11605629},
	pages = {1869--1883},
}
@article{phalan_reconciling_2011,
	title = {Reconciling {Food} {Production} and {Biodiversity} {Conservation}: {Land} {Sharing} and {Land} {Sparing} {Compared}},
	volume = {333},
	issn = {0036-8075, 1095-9203},
	shorttitle = {Reconciling {Food} {Production} and {Biodiversity} {Conservation}},
	doi = {10.1126/science.1208742},
	language = {en},
	number = {6047},
	journal = {Science},
	author = {Phalan, Ben and Onial, Malvika and Balmford, Andrew and Green, Rhys E.},
	month = sep,
	year = {2011},
	pmid = {21885781},
	pages = {1289--1291},
}
@article{oliver_interactions_2014,
	title = {Interactions between climate change and land use change on biodiversity: attribution problems, risks, and opportunities},
	volume = {5},
	issn = {1757-7799},
	shorttitle = {Interactions between climate change and land use change on biodiversity},
	doi = {10.1002/wcc.271},
	language = {en},
	number = {3},
	journal = {Wiley Interdisciplinary Reviews: Climate Change},
	author = {Oliver, Tom H. and Morecroft, Mike D.},
	month = may,
	year = {2014},
	pages = {317--335},
}
@article{edwards_land-sparing_2015,
	title = {Land-{Sparing} {Agriculture} {Best} {Protects} {Avian} {Phylogenetic} {Diversity}},
	volume = {25},
	issn = {0960-9822},
	doi = {10.1016/j.cub.2015.07.063},
	language = {English},
	number = {18},
	journal = {Current Biology},
	author = {Edwards, David P. and Gilroy, James J. and Thomas, Gavin H. and Uribe, Claudia A. Medina and Haugaasen, Torbjørn},
	month = sep,
	year = {2015},
	pmid = {26344093},
	keywords = {food security, Biodiversity conservation, habitat loss, Tropical Andes, agroecosystems, cloud forest, conservation farming, evolutionary distinctiveness rarity},
	pages = {2384--2391},
}
@article{kearney_nichemapr_2016,
	title = {{NicheMapR} - an {R} package for biophysical modelling: the microclimate model},
	issn = {1600-0587},
	shorttitle = {{NicheMapR} - an {R} package for biophysical modelling},
	doi = {10.1111/ecog.02360},
	language = {en},
	journal = {Ecography},
	author = {Kearney, Michael R. and Porter, Warren P.},
	month = aug,
	year = {2016},
	keywords = {climate, Microclimate, Soil moisture, soil temperature, mechanistic model, Snow},
	pages = {n/a--n/a},
}
@article{watson_catastrophic_2016,
	title = {Catastrophic {Declines} in {Wilderness} {Areas} {Undermine} {Global} {Environment} {Targets}},
	volume = {26},
	issn = {0960-9822},
	doi = {10.1016/j.cub.2016.08.049},
	language = {English},
	number = {21},
	journal = {Current Biology},
	author = {Watson, James E. M. and Shanahan, Danielle F. and Di Marco, Moreno and Allan, James and Laurance, William F. and Sanderson, Eric W. and Mackey, Brendan and Venter, Oscar},
	month = nov,
	year = {2016},
	pmid = {27618267},
	keywords = {remote sensing, wilderness, conservation biology, Convention for Biological Diversity, environmental mapping, habitat intactness, human footprint, spatial planning, spatial prioritization},
	pages = {2929--2934},
}
@article{jucker_topography_2018,
	title = {Topography shapes the structure, composition and function of tropical forest landscapes},
	volume = {21},
	issn = {1461-0248},
	doi = {10.1111/ele.12964},
	language = {en},
	number = {7},
	journal = {Ecology Letters},
	author = {Jucker, Tommaso and Bongalov, Boris and Burslem, David F. R. P. and Nilus, Reuben and Dalponte, Michele and Lewis, Simon L. and Phillips, Oliver L. and Qie, Lan and Coomes, David A.},
	year = {2018},
	keywords = {remote sensing, wood density, biodiversity, Aboveground carbon density, airborne laser scanning (or LiDAR), canopy height, gap fraction, hyperspectral imaging, slope and curvature, terrain elevation},
	pages = {989--1000},
}
@article{greenwood_using_2016,
	title = {{REVIEW}: {Using} in situ management to conserve biodiversity under climate change},
	volume = {53},
	issn = {1365-2664},
	shorttitle = {{REVIEW}},
	doi = {10.1111/1365-2664.12602},
	language = {en},
	number = {3},
	journal = {Journal of Applied Ecology},
	author = {Greenwood, Owen and Mossman, Hannah L. and Suggitt, Andrew J. and Curtis, Robin J. and Maclean, Ilya M. D.},
	month = jun,
	year = {2016},
	keywords = {Global warming, Biodiversity conservation, adaptive management, climate-change adaptation, environmental change, habitat restoration, managed realignment},
	pages = {885--894},
}
@article{collas_urban_2017,
	title = {Urban development, land sharing and land sparing: the importance of considering restoration},
	year = {2017},
	volume = {54},
	issn = {1365-2664},
	shorttitle = {Urban development, land sharing and land sparing},
	doi = {10.1111/1365-2664.12908},
	language = {en},
	number = {6},
	journal = {Journal of Applied Ecology},
	author = {Collas, Lydia and Green, Rhys E. and Ross, Alexander and Wastell, Josie H. and Balmford, Andrew},
	keywords = {city growth, human population, land sparing, land-use intensity, restoration, sustainable cities, urban nature, urban planning, urbanisation},
	pages = {1865--1873},
}
@article{sodhi_southeast_2004,
	title = {Southeast {Asian} biodiversity: an impending disaster},
	volume = {19},
	issn = {0169-5347},
	shorttitle = {Southeast {Asian} biodiversity},
	doi = {10.1016/j.tree.2004.09.006},
	number = {12},
	journal = {Trends in Ecology \& Evolution},
	author = {Sodhi, Navjot S. and Koh, Lian Pin and Brook, Barry W. and Ng, Peter K. L.},
	month = dec,
	year = {2004},
	pages = {654--660},
}
@article{putz_sustaining_2012,
	title = {Sustaining conservation values in selectively logged tropical forests: the attained and the attainable},
	volume = {5},
	issn = {1755-263X},
	shorttitle = {Sustaining conservation values in selectively logged tropical forests},
	doi = {10.1111/j.1755-263X.2012.00242.x},
	language = {en},
	number = {4},
	journal = {Conservation Letters},
	author = {Putz, Francis E. and Zuidema, Pieter A. and Synnott, Timothy and Peña-Claros, Marielos and Pinard, Michelle A. and Sheil, Douglas and Vanclay, Jerome K. and Sist, Plinio and Gourlet-Fleury, Sylvie and Griscom, Bronson and Palmer, John and Zagt, Roderick},
	month = aug,
	year = {2012},
	keywords = {REDD, FLEGT, Tropical forestry, forest carbon, tropical silviculture, Sustainable forest management, Biodiversity conservation},
	pages = {296--303},
}
@article{laurance_impacts_2009,
	title = {Impacts of roads and linear clearings on tropical forests},
	volume = {24},
	issn = {0169-5347},
	doi = {10.1016/j.tree.2009.06.009},
	language = {eng},
	number = {12},
	journal = {Trends in Ecology \& Evolution},
	author = {Laurance, William F. and Goosem, Miriam and Laurance, Susan G. W.},
	month = dec,
	year = {2009},
	pmid = {19748151},
	keywords = {Forestry, Animals, Animal Migration, Transportation, Ecosystem, trees},
	pages = {659--669},
}
@article{hoffmann_climate_2011,
	title = {Climate change and evolutionary adaptation},
	volume = {470},
	issn = {0028-0836},
	doi = {10.1038/nature09670},
	language = {en},
	number = {7335},
	journal = {Nature},
	author = {Hoffmann, Ary A. and Sgrò, Carla M.},
	month = feb,
	year = {2011},
	keywords = {Genetics and genomics, Climate science, evolution},
	pages = {479--485},
}
@article{betts_global_2017,
	title = {Global forest loss disproportionately erodes biodiversity in intact landscapes},
	volume = {advance online publication},
	issn = {0028-0836},
	doi = {10.1038/nature23285},
	language = {en},
	journal = {Nature},
	author = {Betts, Matthew G. and Wolf, Christopher and Ripple, William J. and Phalan, Ben and Millers, Kimberley A. and Duarte, Adam and Butchart, Stuart H. M. and Levi, Taal},
	month = jul,
	year = {2017},
}
@article{watson_catastrophic_2016,
	title = {Catastrophic {Declines} in {Wilderness} {Areas} {Undermine} {Global} {Environment} {Targets}},
	volume = {26},
	issn = {0960-9822},
	doi = {10.1016/j.cub.2016.08.049},
	language = {English},
	number = {21},
	journal = {Current Biology},
	author = {Watson, James E. M. and Shanahan, Danielle F. and Di Marco, Moreno and Allan, James and Laurance, William F. and Sanderson, Eric W. and Mackey, Brendan and Venter, Oscar},
	month = nov,
	year = {2016},
	pmid = {27618267},
	keywords = {wilderness, spatial prioritization, remote sensing, conservation biology, Convention for Biological Diversity, environmental mapping, habitat intactness, human footprint, spatial planning},
	pages = {2929--2934},
}
@article{huey_biological_2018,
	title = {Biological buffers and the impacts of climate change},
	issn = {1749-4877},
	doi = {10.1111/1749-4877.12321},
	language = {en},
	journal = {Integrative Zoology},
	author = {Huey, Raymond B. and Buckley, Lauren B. and Du, Weiguo},
	year = {2018},
}
@article{potapov_last_2017,
	title = {The last frontiers of wilderness: {Tracking} loss of intact forest landscapes from 2000 to 2013},
	volume = {3},
	issn = {2375-2548},
	shorttitle = {The last frontiers of wilderness},
	doi = {10.1126/sciadv.1600821},
	language = {en},
	number = {1},
	journal = {Science Advances},
	author = {Potapov, Peter and Hansen, Matthew C. and Laestadius, Lars and Turubanova, Svetlana and Yaroshenko, Alexey and Thies, Christoph and Smith, Wynet and Zhuravleva, Ilona and Komarova, Anna and Minnemeyer, Susan and Esipova, Elena},
	month = jan,
	year = {2017},
	pages = {e1600821},
}
@article{milling_habitat_2018,
	title = {Habitat structure modifies microclimate: {An} approach for mapping fine-scale thermal refuge},
	volume = {9},
	issn = {2041210X},
	shorttitle = {Habitat structure modifies microclimate},
	doi = {10.1111/2041-210X.13008},
	language = {en},
	number = {6},
	journal = {Methods in Ecology and Evolution},
	author = {Milling, Charlotte R. and Rachlow, Janet L. and Olsoy, Peter J. and Chappell, Mark A. and Johnson, Timothy R. and Forbey, Jennifer S. and Shipley, Lisa A. and Thornton, Daniel H.},
	editor = {Mahon, Andrew},
	month = jun,
	year = {2018},
	pages = {1648--1657},
}
@article{guo_land-use_2018,
	title = {Land-use change interacts with climate to determine elevational species redistribution},
	volume = {9},
	issn = {2041-1723},
	doi = {10.1038/s41467-018-03786-9},
	language = {en},
	number = {1},
	journal = {Nature Communications},
	author = {Guo, Fengyi and Lenoir, Jonathan and Bonebrake, Timothy C.},
	month = apr,
	year = {2018},
	pages = {1315},
}
@article{carroll_climatic_2018,
	title = {Climatic, topographic, and anthropogenic factors determine connectivity between current and future climate analogs in {North} {America}},
	issn = {1365-2486},
	doi = {10.1111/gcb.14373},
	language = {en},
	journal = {Global Change Biology},
	author = {Carroll, Carlos and Parks, Sean A. and Dobrowski, Solomon Z. and Roberts, David R.},
	year = {2018},
	keywords = {protected areas, refugia, conservation planning, graph theory, climate change adaptation, connectivity},
}
@article{spooner_rapid_2018,
	title = {Rapid warming is associated with population decline among terrestrial birds and mammals globally},
	issn = {1365-2486},
	doi = {10.1111/gcb.14361},
	language = {en},
	journal = {Global Change Biology},
	author = {Spooner, Fiona E. B. and Pearson, Richard G. and Freeman, Robin},
	year = {2018},
	keywords = {land use change, extinction risk, macroecology, climate warming, climate change, biodiversity, global change, population declines},
}
@article{willis_assisted_2009,
	title = {Assisted colonization in a changing climate: a test-study using two {U}.{K}. butterflies},
	volume = {2},
	issn = {1755-263X},
	shorttitle = {Assisted colonization in a changing climate},
	doi = {10.1111/j.1755-263X.2008.00043.x},
	language = {en},
	number = {1},
	journal = {Conservation Letters},
	author = {Willis, Stephen G. and Hill, Jane K. and Thomas, Chris D. and Roy, David B. and Fox, Richard and Blakeley, David S. and Huntley, Brian},
	year = {2009},
	keywords = {Climate change, range shift, range margin, assisted colonization, distributions, introductions},
	pages = {46--52},
}
@article{willis_assessing_2009,
	title = {Assessing the {Impacts} of {Future} {Climate} {Change} on {Protected} {Area} {Networks}: {A} {Method} to {Simulate} {Individual} {Species}' {Responses}},
	volume = {43},
	issn = {0364-152X, 1432-1009},
	shorttitle = {Assessing the {Impacts} of {Future} {Climate} {Change} on {Protected} {Area} {Networks}},
	doi = {10.1007/s00267-008-9125-3},
	language = {en},
	number = {5},
	journal = {Environmental Management},
	author = {Willis, Stephen G. and Hole, Dave G. and Collingham, Yvonne C. and Hilton, Geoff and Rahbek, Carsten and Huntley, Brian},
	month = may,
	year = {2009},
	pages = {836--845},
}
@article{willis_integrating_2015,
	title = {Integrating climate change vulnerability assessments from species distribution models and trait-based approaches},
	volume = {190},
	issn = {0006-3207},
	doi = {10.1016/j.biocon.2015.05.001},
	journal = {Biological Conservation},
	author = {Willis, S. G. and Foden, W. and Baker, D. J. and Belle, E. and Burgess, N. D. and Carr, J. A. and Doswald, N. and Garcia, R. A. and Hartley, A. and Hof, C. and Newbold, T. and Rahbek, C. and Smith, R. J. and Visconti, P. and Young, B. E. and Butchart, S. H. M.},
	month = oct,
	year = {2015},
	keywords = {Conservation planning for climate change, Model integration, Species climate vulnerability traits, Species distribution modelling},
	pages = {167--178},
}
@article{suggitt_extinction_2018,
	title = {Extinction risk from climate change is reduced by microclimatic buffering},
	issn = {1758-6798},
	doi = {10.1038/s41558-018-0231-9},
	language = {en},
	journal = {Nature Climate Change},
	author = {Suggitt, Andrew J. and Wilson, Robert J. and Isaac, Nick J. B. and Beale, Colin M. and Auffret, Alistair G. and August, Tom and Bennie, Jonathan J. and Crick, Humphrey Q. P. and Duffield, Simon and Fox, Richard and Hopkins, John J. and Macgregor, Nicholas A. and Morecroft, Mike D. and Walker, Kevin J. and Maclean, Ilya M. D.},
	month = jul,
	year = {2018},
	pages = {1},
}
@article{alroy_effects_2017,
	title = {Effects of habitat disturbance on tropical forest biodiversity},
	volume = {114},
	issn = {0027-8424, 1091-6490},
	doi = {10.1073/pnas.1611855114},
	language = {en},
	number = {23},
	journal = {Proceedings of the National Academy of Sciences},
	author = {Alroy, John},
	month = jun,
	year = {2017},
	pmid = {28461482},
	keywords = {species extinction, mass extinction, deforestation, lambda-5 index, multiton subsampling},
	pages = {6056--6061},
}
@article{edwards_wildlife-friendly_2010,
	title = {Wildlife-friendly oil palm plantations fail to protect biodiversity effectively},
	volume = {3},
	issn = {1755-263X},
	doi = {10.1111/j.1755-263X.2010.00107.x},
	language = {en},
	number = {4},
	journal = {Conservation Letters},
	author = {Edwards, David P. and Hodgson, Jenny A. and Hamer, Keith C. and Mitchell, Simon L. and Ahmad, Abdul H. and Cornell, Stephen J. and Wilcove, David S.},
	year = {2010},
	keywords = {Agriculture, Asia, biodiversity banking, avifauna, oil palm, tropical conservation, fragmentation, crisis, plantation, soya},
	pages = {236--242},
}
@article{gillies_riparian_2008,
	title = {Riparian corridors enhance movement of a forest specialist bird in fragmented tropical forest},
	volume = {105},
	issn = {0027-8424, 1091-6490},
	doi = {10.1073/pnas.0803530105},
	language = {en},
	number = {50},
	journal = {Proceedings of the National Academy of Sciences},
	author = {Gillies, Cameron S. and Clair, Colleen Cassady St},
	month = dec,
	year = {2008},
	pmid = {19017794},
	keywords = {hedgerows, animal movement, Campylorhynchus rufinucha, habitat connectivity, Thamnophilus doliatus},
	pages = {19774--19779},
}
@article{barlow_future_2018,
	title = {The future of hyperdiverse tropical ecosystems},
	volume = {559},
	issn = {1476-4687},
	doi = {10.1038/s41586-018-0301-1},
	language = {en},
	number = {7715},
	journal = {Nature},
	author = {Barlow, Jos and França, Filipe and Gardner, Toby A. and Hicks, Christina C. and Lennox, Gareth D. and Berenguer, Erika and Castello, Leandro and Economo, Evan P. and Ferreira, Joice and Guénard, Benoit and Leal, Cecília Gontijo and Isaac, Victoria and Lees, Alexander C. and Parr, Catherine L. and Wilson, Shaun K. and Young, Paul J. and Graham, Nicholas A. J.},
	month = jul,
	year = {2018},
	pages = {517--526},
}
@article{putz_reduced-impact_2008,
	series = {Moving beyond reduced impact-logging towards a more holistic management of tropical forests},
	title = {Reduced-impact logging: {Challenges} and opportunities},
	volume = {256},
	issn = {0378-1127},
	shorttitle = {Reduced-impact logging},
	doi = {10.1016/j.foreco.2008.03.036},
	number = {7},
	journal = {Forest Ecology and Management},
	author = {Putz, F. E. and Sist, P. and Fredericksen, T. and Dykstra, D.},
	month = sep,
	year = {2008},
	keywords = {Reduced-impact logging, Sustainable forest management, Sustained yield, Tropical forest management, Timber harvesting},
	pages = {1427--1433},
}
@article{moore_experimental_2008,
	title = {Experimental evidence for extreme dispersal limitation in tropical forest birds},
	volume = {11},
	issn = {1461-0248},
	doi = {10.1111/j.1461-0248.2008.01196.x},
	language = {en},
	number = {9},
	journal = {Ecology Letters},
	author = {Moore, R. P. and Robinson, W. D. and Lovette, I. J. and Robinson, T. R.},
	year = {2008},
	keywords = {population persistence, island biogeography, extinction, forest fragmentation, dispersal, Archipelago, dispersal limitation, tropical forest birds},
	pages = {960--968},
}
@article{potter_microclimatic_2013,
	title = {Microclimatic challenges in global change biology},
	volume = {19},
	issn = {1365-2486},
	doi = {10.1111/gcb.12257},
	language = {en},
	number = {10},
	journal = {Global Change Biology},
	author = {Potter, Kristen A. and Arthur Woods, H. and Pincebourde, Sylvain},
	month = oct,
	year = {2013},
	keywords = {Climate change, body size, species distribution models, MaxEnt, refugia, spatial resolution, downscaling, fractals, grid size, Temperature},
	pages = {2932--2939},
}
@article{mcguire_achieving_2016,
	title = {Achieving climate connectivity in a fragmented landscape},
	volume = {113},
	issn = {0027-8424, 1091-6490},
	doi = {10.1073/pnas.1602817113},
	language = {en},
	number = {26},
	journal = {Proceedings of the National Academy of Sciences},
	author = {McGuire, Jenny L. and Lawler, Joshua J. and McRae, Brad H. and Theobald, David M.},
	month = jun,
	year = {2016},
	pmid = {27298349},
	keywords = {Climate change, corridors, climate connectivity, habitat fragmentation},
	pages = {7195--7200},
}
@article{jucker_canopy_2018,
	title = {Canopy structure and topography jointly constrain the microclimate of human-modified tropical landscapes},
	volume = {0},
	issn = {1365-2486},
	doi = {10.1111/gcb.14415},
	language = {en},
	number = {0},
	journal = {Global Change Biology},
	author = {Jucker, Tommaso and Hardwick, Stephen R. and Both, Sabine and Elias, Dafydd M. O. and Ewers, Robert M. and Milodowski, David T. and Swinfield, Tom and Coomes, David A.},
	year = {2018},
	keywords = {vapour pressure deficit, selective logging, remote sensing, canopy height, LiDAR, digital elevation model, forest degradation and fragmentation, near-surface air temperature},
}
@article{lembrechts_incorporating_2018,
	title = {Incorporating microclimate into species distribution models},
	volume = {0},
	issn = {1600-0587},
	doi = {10.1111/ecog.03947},
	language = {en},
	number = {ja},
	journal = {Ecography},
	author = {Lembrechts, Jonas and Nijs, Ivan and Lenoir, Jonathan},
	year = {2018},
	keywords = {climate change, remote sensing, biodiversity, microclimate, microrefugia, environmental niche modeling, humidity, temperature},
}
@article{tattersall_infrared_2016,
	series = {Special {Issue}: {Ecophysiology} methods: refining the old, validating the new and developing for the future},
	title = {Infrared thermography: {A} non-invasive window into thermal physiology},
	volume = {202},
	issn = {1095-6433},
	shorttitle = {Infrared thermography},
	doi = {10.1016/j.cbpa.2016.02.022},
	journal = {Comparative Biochemistry and Physiology Part A: Molecular \& Integrative Physiology},
	author = {Tattersall, Glenn J.},
	month = dec,
	year = {2016},
	pages = {78--98},
}
@article{thofelt_thermographic_1977,
	title = {Thermographic {Field} {Studies} on {Leaf} {Temperature}},
	volume = {29},
	issn = {0030-1299},
	doi = {10.2307/3543311},
	number = {1},
	journal = {Oikos},
	author = {Thofelt, L.},
	year = {1977},
	pages = {180--185},
}
@article{cross_energetic_2016,
	title = {Energetic costs of mange in wolves estimated from infrared thermography},
	volume = {97},
	issn = {1939-9170},
	doi = {10.1890/15-1346.1},
	language = {en},
	number = {8},
	journal = {Ecology},
	author = {Cross, P. C. and Almberg, E. S. and Haase, C. G. and Hudson, P. J. and Maloney, S. K. and Metz, M. C. and Munn, A. J. and Nugent, P. and Putzeys, O. and Stahler, D. R. and Stewart, A. C. and Smith, D. W.},
	month = aug,
	year = {2016},
	keywords = {energy, metabolic costs, parasitism, trophic dynamics},
	pages = {1938--1948},
}
@article{ewers_large-scale_2011,
	title = {A large-scale forest fragmentation experiment: the {Stability} of {Altered} {Forest} {Ecosystems} {Project}},
	volume = {366},
	issn = {0962-8436, 1471-2970},
	shorttitle = {A large-scale forest fragmentation experiment},
	doi = {10.1098/rstb.2011.0049},
	language = {en},
	number = {1582},
	journal = {Philosophical Transactions of the Royal Society of London B: Biological Sciences},
	author = {Ewers, Robert M. and Didham, Raphael K. and Fahrig, Lenore and Ferraz, Gonçalo and Hector, Andy and Holt, Robert D. and Kapos, Valerie and Reynolds, Glen and Sinun, Waidi and Snaddon, Jake L. and Turner, Edgar C.},
	month = nov,
	year = {2011},
	pmid = {22006969},
	pages = {3292--3302},
}
@article{blonder_extreme_2018,
	title = {Extreme and {Highly} {Heterogeneous} {Microclimates} in {Selectively} {Logged} {Tropical} {Forests}},
	volume = {1},
	issn = {2624-893X},
	doi = {10.3389/ffgc.2018.00005},
	language = {English},
	journal = {Frontiers in Forests and Global Change},
	author = {Blonder, Benjamin and Both, Sabine and Coomes, David A. and Elias, Dafydd and Jucker, Tommaso and Kvasnica, Jakub and Majalap, Noreen and Malhi, Yadvinder Singh and Milodowski, David and Riutta, Terhi and Svátek, Martin},
	year = {2018},
	keywords = {Logging, environmental heterogeneity, Microclimate, Borneo, forest structure},
}
@misc{flir_manual_2016,
	title = {User’s manual {FLIR} {Exx} series},
	year = {2016},
	note = "Available at: \url{http://flir.custhelp.com/app/account/fl_download_manuals}",
	url = {http://flir.custhelp.com/app/account/fl_download_manuals},
	author = {{FLIR}}
}
  @misc{raster_2018,
    title = {raster: Geographic Data Analysis and Modeling},
    author = {Hijmans, Robert J.},
    year = {2018},
    note = "R package version 2.8-4. Available at: \url{https://CRAN.R-project.org/package=raster}",
    url = {https://CRAN.R-project.org/package=raster},
  }
@misc{fragstats_2012,
	title = {{FRAGSTATS} v4: Spatial Pattern Analysis Program for Categorical and Continuous Maps},
	author = {McGarigal, K. and Cushman, S. A.  and Ene, E.},
	year = {2012},
	note = "Computer software program produced by the authors at the University of Massachusetts, Amherst. Available at: \url{http://www.umass.edu/landeco/research/fragstats/fragstats.html}",
	url = {http://www.umass.edu/landeco/research/fragstats/fragstats.html}
}
@misc{rastervis_2018,
    title = {{rasterVis}},
    author = {Oscar Perpi{\~n}{\'a}n and Robert Hijmans},
    year = {2018},
    url = {http://oscarperpinan.github.io/rastervis/},
    note = "R package version 0.45. Available at: \url{https://CRAN.R-project.org/package=rasterVis}"
  }
@misc{r_core_team_2018,
	address = {Vienna, Austria},
	title = {{R}: {A} {Language} and {Environment} for {Statistical} {Computing}},
	note = "Available at: \url{https://www.R-project.org/}",
	url = {https://www.R-project.org/},
	publisher = {R Foundation for Statistical Computing},
	author = {{R Core Team}},
	year = {2018}
}
@misc{tattersall_thermimage:_2017,
	title = {{Thermimage}: {Thermal} {Image} {Analysis}},
	note = "Available at: \url{https://CRAN.R-project.org/package=Thermimage}",
	url = {https://CRAN.R-project.org/package=Thermimage},
	author = {Tattersall, Glenn J.},
	year = {2017},
	annote = {R package version 3.0.0}
}
@misc{gamm4_2017,
    title = {{gamm4}: Generalized Additive Mixed Models using 'mgcv' and 'lme4'},
    author = {Simon Wood and Fabian Scheipl},
    year = {2017},
    note = "R package version 0.2-5. Available at: \url{https://CRAN.R-project.org/package=gamm4}",
    url = {https://CRAN.R-project.org/package=gamm4},
  }
@book{bramer_advances_2018,
	series = {Next {Generation} {Biomonitoring}: {Part} 1},
	title = {Chapter {Three} - {Advances} in {Monitoring} and {Modelling} {Climate} at {Ecologically} {Relevant} {Scales}},
	volume = {58},
	urldate = {2018-03-20},
	booktitle = {Advances in {Ecological} {Research}},
	publisher = {Academic Press},
	author = {Bramer, Isobel and Anderson, Barbara J. and Bennie, Jonathan and Bladon, Andrew J. and De Frenne, Pieter and Hemming, Deborah and Hill, Ross A. and Kearney, Michael R. and Körner, Christian and Korstjens, Amanda H. and Lenoir, Jonathan and Maclean, Ilya M. D. and Marsh, Christopher D. and Morecroft, Michael D. and Ohlemüller, Ralf and Slater, Helen D. and Suggitt, Andrew J. and Zellweger, Florian and Gillingham, Phillipa K.},
	editor = {Bohan, David A. and Dumbrell, Alex J. and Woodward, Guy and Jackson, Michelle},
	month = jan,
	year = {2018},
	doi = {10.1016/bs.aecr.2017.12.005},
	keywords = {Microclimate, Climate modelling, Habitat heterogeneity, Meteorological, Microsensors, Small scale, Topoclimate},
	pages = {101--161}
}
@misc{sdmtools_2014,
    title = {{SDMTools}: Species Distribution Modelling Tools: Tools for processing data associated with species distribution modelling exercises. {A}vailable at: \url{https://CRAN.R-project.org/package=SDMTools}},
    author = {Jeremy VanDerWal and Lorena Falconi and Stephanie Januchowski and Luke Shoo and Collin Storlie},
    year = {2014},
    note = "R package version 1.1-221. Available at: \url{https://CRAN.R-project.org/package=SDMTools}",
    url = {https://CRAN.R-project.org/package=SDMTools}
  }